<?xml version='1.0' encoding='UTF-8'?>
<collection xmlns='http://www.loc.gov/MARC21/slim' xmlns:xsi='http://www.w3.org/2001/XMLSchema-instance' xsi:schemaLocation='http://www.loc.gov/MARC21/slim http://www.loc.gov/standards/marcxml/schema/MARC21slim.xsd'>
<record xmlns='http://www.loc.gov/MARC21/slim'><leader>00317namZa22000977uZ4500</leader><controlfield tag='008'>######s2013####xx######o#####000#0#eng#d</controlfield><controlfield tag='005'>20170620221651.0</controlfield><controlfield tag='001'>991036793874103811</controlfield><datafield ind1=' ' ind2=' ' tag='020'><subfield code='a'>9781595932037</subfield></datafield><datafield ind1=' ' ind2=' ' tag='245'><subfield code='a'>Proceedings of the 4th decennial conference on Critical computing between sense and sensibility</subfield></datafield><datafield ind1=' ' ind2=' ' tag='260'><subfield code='b'>ACM Digital Library</subfield></datafield><datafield ind1=' ' ind2=' ' tag='ADM'><subfield code='b'>2017-06-21 02:16:51</subfield><subfield code='d'>NON_SFX_CREATOR</subfield><subfield code='a'>2017-06-21 02:16:32</subfield><subfield code='c'>false</subfield></datafield><datafield ind1=' ' ind2=' ' tag='PRT'><subfield code='a'>53353827460003811</subfield><subfield code='b'>https://sandbox01-na.alma.exlibrisgroup.com/view/uresolver/01TULI_INST/openurl?u.ignore_date_coverage=true&amp;rft.mms_id=991036793874103811</subfield><subfield code='e'>ACM Digital Library</subfield><subfield code='9'>Available</subfield><subfield code='c'>ACM Digital Library</subfield><subfield code='h'>61110976704639514</subfield><subfield code='8'>53353827460003811</subfield></datafield></record>