
<record xmlns='http://www.loc.gov/MARC21/slim'><leader>00363namZa2200133zZZ4500</leader><controlfield tag='001'>991036853582303811</controlfield><controlfield tag='005'>20170918153623.0</controlfield><controlfield tag='008'>150831u2013uuuuuuuuu-|-o----u|----|eng-d</controlfield><datafield ind1=' ' ind2=' ' tag='020'><subfield code='a'>1-908556-63-3</subfield></datafield><datafield ind1=' ' ind2=' ' tag='035'><subfield code='a'>(CKB)3710000000466778</subfield></datafield><datafield ind1=' ' ind2=' ' tag='035'><subfield code='a'>(EXLCZ)993710000000466778</subfield></datafield><datafield ind1='0' ind2='0' tag='245'><subfield code='a'>Sense and Sensibility: a Classic by Jane Austen</subfield></datafield><datafield ind1=' ' ind2=' ' tag='246'><subfield code='a'>Sense and Sensibility</subfield></datafield><datafield ind1=' ' ind2=' ' tag='260'><subfield code='b'>Apostrophe Books</subfield></datafield><datafield ind1=' ' ind2=' ' tag='906'><subfield code='a'>BOOK</subfield></datafield><datafield ind1=' ' ind2=' ' tag='ADM'><subfield code='b'>2017-12-18 17:22:08</subfield><subfield code='e'>(CKB)3710000000466778</subfield><subfield code='d'>CKB</subfield><subfield code='a'>2015-09-05 22:20:29</subfield><subfield code='c'>false</subfield></datafield><datafield ind1=' ' ind2=' ' tag='PRT'><subfield code='a'>53405018990003811</subfield><subfield code='b'>https://sandbox01-na.alma.exlibrisgroup.com/view/uresolver/01TULI_INST/openurl?u.ignore_date_coverage=true&amp;rft.mms_id=991036853582303811</subfield><subfield code='e'>EBSCOhost</subfield><subfield code='9'>Available</subfield><subfield code='c'>eBook Public Library Collection - North America</subfield><subfield code='h'>613790000000001577</subfield><subfield code='8'>53405018990003811</subfield></datafield></record>