
<record xmlns='http://www.loc.gov/MARC21/slim'><leader>00389namZa2200133zZZ4500</leader><controlfield tag='001'>991036817096303811</controlfield><controlfield tag='005'>20170816130218.0</controlfield><controlfield tag='008'>130627u2013uuuuuuuuu-|-o----u|----|eng-d</controlfield><datafield ind1=' ' ind2=' ' tag='020'><subfield code='a'>80-87664-92-2</subfield></datafield><datafield ind1=' ' ind2=' ' tag='035'><subfield code='a'>(CKB)2670000000373755</subfield></datafield><datafield ind1=' ' ind2=' ' tag='035'><subfield code='a'>(EXLCZ)992670000000373755</subfield></datafield><datafield ind1='0' ind2='0' tag='245'><subfield code='a'>Sense and Sensibility (with the Original Watercolor Illustrations by C.E. Brock)</subfield></datafield><datafield ind1=' ' ind2=' ' tag='246'><subfield code='a'>Sense and Sensibility </subfield></datafield><datafield ind1=' ' ind2=' ' tag='260'><subfield code='b'>e-artnow</subfield></datafield><datafield ind1=' ' ind2=' ' tag='906'><subfield code='a'>BOOK</subfield></datafield><datafield ind1=' ' ind2=' ' tag='ADM'><subfield code='b'>2017-08-21 16:47:25</subfield><subfield code='e'>(CKB)2670000000373755</subfield><subfield code='d'>CKB</subfield><subfield code='a'>2013-06-23 08:11:01</subfield><subfield code='c'>false</subfield></datafield><datafield ind1=' ' ind2=' ' tag='PRT'><subfield code='a'>53394672640003811</subfield><subfield code='b'>https://sandbox01-na.alma.exlibrisgroup.com/view/uresolver/01TULI_INST/openurl?u.ignore_date_coverage=true&amp;rft.mms_id=991036817096303811</subfield><subfield code='e'>EBSCOhost</subfield><subfield code='9'>Available</subfield><subfield code='c'>EBSCOhost Academic eBook Collection (North America)</subfield><subfield code='h'>613640000000000029</subfield><subfield code='8'>53394672640003811</subfield></datafield><datafield ind1=' ' ind2=' ' tag='PRT'><subfield code='a'>53396591880003811</subfield><subfield code='b'>https://sandbox01-na.alma.exlibrisgroup.com/view/uresolver/01TULI_INST/openurl?u.ignore_date_coverage=true&amp;rft.mms_id=991036817096303811</subfield><subfield code='e'>EBSCOhost</subfield><subfield code='9'>Available</subfield><subfield code='c'>EBSCOhost eBook Community College Collection</subfield><subfield code='h'>613860000000000003</subfield><subfield code='8'>53396591880003811</subfield></datafield></record>