
<record xmlns='http://www.loc.gov/MARC21/slim'><leader>00412camZa2200157zZZ4500</leader><controlfield tag='001'>991036912306403811</controlfield><controlfield tag='005'>20160727154446.0</controlfield><controlfield tag='008'>121017u2000uuuuuuuuu-|-o----u|----|eng-d</controlfield><datafield ind1=' ' ind2=' ' tag='020'><subfield code='a'>0-585-05055-4</subfield></datafield><datafield ind1=' ' ind2=' ' tag='035'><subfield code='a'>(CKB)111029787258254</subfield></datafield><datafield ind1=' ' ind2=' ' tag='035'><subfield code='a'>(EXLCZ)99111029787258254</subfield></datafield><datafield ind1='0' ind2=' ' tag='100'><subfield code='a'>Aristotle.</subfield></datafield><datafield ind1=' ' ind2=' ' tag='210'><subfield code='a'>ON SENSE &amp; THE SENSIBLE</subfield></datafield><datafield ind1=' ' ind2=' ' tag='245'><subfield code='a'>On Sense And The Sensible</subfield></datafield><datafield ind1=' ' ind2=' ' tag='260'><subfield code='b'>Alex Catalogue ; NetLibrary</subfield></datafield><datafield ind1='2' ind2=' ' tag='710'><subfield code='a'>NetLibrary, Inc.</subfield></datafield><datafield ind1=' ' ind2=' ' tag='906'><subfield code='a'>BOOK</subfield></datafield><datafield ind1=' ' ind2=' ' tag='ADM'><subfield code='b'>2018-06-18 04:30:35</subfield><subfield code='e'>111029787258254</subfield><subfield code='d'>CKB</subfield><subfield code='a'>2012-02-25 22:26:24</subfield><subfield code='c'>false</subfield></datafield><datafield ind1=' ' ind2=' ' tag='PRT'><subfield code='a'>53427829740003811</subfield><subfield code='b'>https://sandbox01-na.alma.exlibrisgroup.com/view/uresolver/01TULI_INST/openurl?u.ignore_date_coverage=true&amp;rft.mms_id=991036912306403811</subfield><subfield code='e'>Ebook Central</subfield><subfield code='9'>Available</subfield><subfield code='c'>Ebook Central Academic Complete</subfield><subfield code='h'>614200000000000002</subfield><subfield code='8'>53427829740003811</subfield></datafield><datafield ind1=' ' ind2=' ' tag='PRT'><subfield code='a'>53427818480003811</subfield><subfield code='b'>https://sandbox01-na.alma.exlibrisgroup.com/view/uresolver/01TULI_INST/openurl?u.ignore_date_coverage=true&amp;rft.mms_id=991036912306403811</subfield><subfield code='e'>Ebook Central</subfield><subfield code='9'>Available</subfield><subfield code='c'>Ebook Central College Complete</subfield><subfield code='h'>614330000000000032</subfield><subfield code='8'>53427818480003811</subfield></datafield></record>