
<record xmlns='http://www.loc.gov/MARC21/slim'><leader>00456camZa2200145zZZ4500</leader><controlfield tag='001'>991036824639903811</controlfield><controlfield tag='005'>20170924200626.0</controlfield><controlfield tag='008'>161226u2015uuuuuuuuu-|-o----u|----|eng-d</controlfield><datafield ind1=' ' ind2=' ' tag='020'><subfield code='a'>1-68195-741-8</subfield></datafield><datafield ind1=' ' ind2=' ' tag='035'><subfield code='a'>(CKB)3710000000866467</subfield></datafield><datafield ind1=' ' ind2=' ' tag='035'><subfield code='a'>(EXLCZ)993710000000866467</subfield></datafield><datafield ind1='1' ind2='0' tag='245'><subfield code='a'>Jane Austen Collection: Pride and Prejudice, Sense and Sensibility, Emma, Persuasion and More</subfield></datafield><datafield ind1=' ' ind2=' ' tag='246'><subfield code='a'>Xist Classics Bundles </subfield></datafield><datafield ind1=' ' ind2=' ' tag='246'><subfield code='a'>Jane Austen Collection</subfield></datafield><datafield ind1=' ' ind2=' ' tag='260'><subfield code='a'>Tustin</subfield><subfield code='b'>Xist Publishing</subfield></datafield><datafield ind1=' ' ind2=' ' tag='906'><subfield code='a'>BOOK</subfield></datafield><datafield ind1=' ' ind2=' ' tag='ADM'><subfield code='b'>2017-09-25 07:02:12</subfield><subfield code='e'>(CKB)3710000000866467</subfield><subfield code='d'>CKB</subfield><subfield code='a'>2016-10-08 14:56:13</subfield><subfield code='c'>false</subfield></datafield><datafield ind1=' ' ind2=' ' tag='PRT'><subfield code='a'>53398110540003811</subfield><subfield code='b'>https://sandbox01-na.alma.exlibrisgroup.com/view/uresolver/01TULI_INST/openurl?u.ignore_date_coverage=true&amp;rft.mms_id=991036824639903811</subfield><subfield code='e'>EBSCOhost</subfield><subfield code='9'>Available</subfield><subfield code='c'>EBSCOhost eBook Community College Collection</subfield><subfield code='h'>613860000000000003</subfield><subfield code='8'>53398110540003811</subfield></datafield></record>