
<record xmlns='http://www.loc.gov/MARC21/slim'><leader>00514nam a22002051  4500</leader><controlfield tag='008'>170620s        xx            000 0 eng d</controlfield><controlfield tag='005'>20180618235405.0</controlfield><controlfield tag='001'>991017099079703811</controlfield><datafield ind1=' ' ind2=' ' tag='035'><subfield code='a'>(PPT)b48832194-01tuli_inst</subfield></datafield><datafield ind1=' ' ind2=' ' tag='099'><subfield code='a'>Video #1680</subfield></datafield><datafield ind1='1' ind2='0' tag='245'><subfield code='a'>Sense and sensibility (Video)</subfield><subfield code='h'>[Video]</subfield></datafield><datafield ind1=' ' ind2=' ' tag='260'><subfield code='c'>1995</subfield></datafield><datafield ind1=' ' ind2=' ' tag='300'><subfield code='a'>136 min.</subfield></datafield><datafield ind1=' ' ind2=' ' tag='500'><subfield code='a'>DVD</subfield></datafield><datafield ind1=' ' ind2=' ' tag='902'><subfield code='a'>120326</subfield></datafield><datafield ind1=' ' ind2=' ' tag='907'><subfield code='a'>.b48832194</subfield><subfield code='b'>jt   </subfield><subfield code='c'>-</subfield></datafield><datafield ind1=' ' ind2=' ' tag='915'><subfield code='a'>55569</subfield></datafield><datafield ind1=' ' ind2=' ' tag='945'><subfield code='l'>jtvid</subfield><subfield code='g'>1</subfield></datafield><datafield ind1=' ' ind2=' ' tag='998'><subfield code='b'>1</subfield><subfield code='c'>110807</subfield><subfield code='d'>m</subfield><subfield code='e'>g</subfield><subfield code='f'>-</subfield><subfield code='g'>0</subfield></datafield><datafield ind1=' ' ind2=' ' tag='998'><subfield code='b'>1</subfield><subfield code='c'>110807</subfield><subfield code='d'>m</subfield><subfield code='e'>a</subfield><subfield code='f'>-</subfield><subfield code='g'>0</subfield></datafield><datafield ind1=' ' ind2=' ' tag='ADM'><subfield code='b'>2018-06-19 03:54:05</subfield><subfield code='e'>b48832194-01tuli_inst</subfield><subfield code='d'>ILS</subfield><subfield code='a'>2017-06-20 09:34:15</subfield><subfield code='c'>false</subfield></datafield><datafield ind1='8' ind2=' ' tag='HLD'><subfield code='b'>JAPAN</subfield><subfield code='c'>media</subfield><subfield code='h'>Video #1680</subfield><subfield code='8'>22295167040003811</subfield></datafield><datafield ind1=' ' ind2=' ' tag='ITM'><subfield code='r'>22295167040003811</subfield><subfield code='b'>1</subfield><subfield code='h'>8</subfield><subfield code='g'>media</subfield><subfield code='t'>DVD</subfield><subfield code='9'>31982070378346</subfield><subfield code='e'>media</subfield><subfield code='8'>23295167020003811</subfield><subfield code='a'>5</subfield><subfield code='q'>2017-06-20 09:34:15</subfield><subfield code='i'>Video #1680</subfield><subfield code='d'>JAPAN</subfield><subfield code='f'>JAPAN</subfield></datafield></record>