
<record xmlns='http://www.loc.gov/MARC21/slim'><leader>00640ngm a2200229 a 4500</leader><controlfield tag='005'>20180315193849.0</controlfield><controlfield tag='001'>991025236659703811</controlfield><datafield ind1=' ' ind2=' ' tag='035'><subfield code='a'>(PPT)b24268203-01tuli_inst</subfield></datafield><datafield ind1=' ' ind2=' ' tag='099'><subfield code='a'>EG.L-93</subfield></datafield><datafield ind1='1' ind2='0' tag='245'><subfield code='a'>Sense and Sensibility</subfield></datafield><datafield ind1=' ' ind2=' ' tag='260'><subfield code='a'>Culver City</subfield><subfield code='b'>Columbia Pictures</subfield><subfield code='c'>1995</subfield></datafield><datafield ind1=' ' ind2=' ' tag='300'><subfield code='a'>video</subfield></datafield><datafield ind1=' ' ind2='0' tag='490'><subfield code='a'>Jane Austen&apos;s</subfield></datafield><datafield ind1=' ' ind2=' ' tag='500'><subfield code='a'>136 min.</subfield></datafield><datafield ind1=' ' ind2=' ' tag='520'><subfield code='a'>Starring Emma Thompson Alan Rickman Kate Winslet Hugh Grant.  Screenplay by Emma Thompson.</subfield></datafield><datafield ind1=' ' ind2=' ' tag='590'><subfield code='a'>MLC;Closed captioned</subfield></datafield><datafield ind1=' ' ind2=' ' tag='590'><subfield code='a'>library</subfield></datafield><datafield ind1=' ' ind2=' ' tag='590'><subfield code='a'>English; Literature</subfield></datafield><datafield ind1=' ' ind2=' ' tag='902'><subfield code='a'>160902</subfield></datafield><datafield ind1=' ' ind2=' ' tag='907'><subfield code='a'>.b24268203</subfield><subfield code='b'>xetc </subfield><subfield code='c'>-</subfield></datafield><datafield ind1=' ' ind2=' ' tag='945'><subfield code='l'>xetc </subfield><subfield code='g'>1</subfield></datafield><datafield ind1=' ' ind2=' ' tag='998'><subfield code='b'>1</subfield><subfield code='d'>m</subfield><subfield code='e'>1</subfield><subfield code='f'>-</subfield><subfield code='g'>0</subfield></datafield><datafield ind1=' ' ind2=' ' tag='ADM'><subfield code='b'>2018-03-15 23:38:49</subfield><subfield code='e'>b24268203-01tuli_inst</subfield><subfield code='d'>ILS</subfield><subfield code='a'>2017-06-20 08:54:38</subfield><subfield code='c'>false</subfield></datafield><datafield ind1='8' ind2=' ' tag='HLD'><subfield code='b'>CLAEDTECH</subfield><subfield code='c'>media</subfield><subfield code='h'>EG.L-93</subfield><subfield code='8'>22288251100003811</subfield></datafield><datafield ind1=' ' ind2=' ' tag='ITM'><subfield code='r'>22288251100003811</subfield><subfield code='b'>1</subfield><subfield code='h'>8</subfield><subfield code='g'>media</subfield><subfield code='t'>OTHER</subfield><subfield code='9'>39074014980973</subfield><subfield code='e'>media</subfield><subfield code='8'>23288251090003811</subfield><subfield code='a'>5</subfield><subfield code='q'>2017-06-20 08:54:38</subfield><subfield code='i'>EG.L-93</subfield><subfield code='d'>CLAEDTECH</subfield><subfield code='f'>CLAEDTECH</subfield></datafield></record>