
<record xmlns='http://www.loc.gov/MARC21/slim'><leader>00773cam a2200253   4500</leader><controlfield tag='005'>20180315183223.0</controlfield><controlfield tag='008'>700428s1969    mduc          000 0 eng  </controlfield><controlfield tag='001'>991013511169703811</controlfield><datafield ind1=' ' ind2=' ' tag='010'><subfield code='a'>78011582 //r952</subfield></datafield><datafield ind1=' ' ind2=' ' tag='035'><subfield code='a'>(PPT)b21529723-01tuli_inst</subfield></datafield><datafield ind1=' ' ind2=' ' tag='035'><subfield code='a'>(DLC)   78011582 //r952</subfield><subfield code='9'>ExL</subfield></datafield><datafield ind1=' ' ind2=' ' tag='040'><subfield code='a'>DLC</subfield><subfield code='c'>DLC</subfield><subfield code='d'>DLC</subfield></datafield><datafield ind1='1' ind2='4' tag='082'><subfield code='a'>823</subfield><subfield code='b'>AUS</subfield></datafield><datafield ind1='1' ind2=' ' tag='100'><subfield code='a'>Austen, Jane,</subfield><subfield code='d'>1775-1817.</subfield></datafield><datafield ind1='1' ind2='0' tag='245'><subfield code='a'>Sense and sensibility.</subfield><subfield code='c'>Jane Austen; Edited with an introduction by Tony Tanner.</subfield></datafield><datafield ind1='0' ind2=' ' tag='246'><subfield code='a'>Sense &amp; sensibility</subfield></datafield><datafield ind1=' ' ind2=' ' tag='260'><subfield code='a'>Harmondsworth,</subfield><subfield code='b'>Penguin Books</subfield><subfield code='c'>1969</subfield></datafield><datafield ind1=' ' ind2=' ' tag='300'><subfield code='a'>370 p.</subfield><subfield code='c'>19 cm.</subfield></datafield><datafield ind1='0' ind2=' ' tag='490'><subfield code='a'>Penguin English library</subfield></datafield><datafield ind1=' ' ind2=' ' tag='902'><subfield code='a'>160426</subfield></datafield><datafield ind1=' ' ind2=' ' tag='902'><subfield code='a'>MARCIVE RECON PROJECT</subfield></datafield><datafield ind1=' ' ind2=' ' tag='907'><subfield code='a'>.b21529723</subfield><subfield code='b'>ir   </subfield><subfield code='c'>-</subfield></datafield><datafield ind1=' ' ind2=' ' tag='945'><subfield code='l'>irfic</subfield><subfield code='g'>1</subfield></datafield><datafield ind1=' ' ind2=' ' tag='998'><subfield code='b'>1</subfield><subfield code='c'>000930</subfield><subfield code='d'>m</subfield><subfield code='e'>a</subfield><subfield code='f'>-</subfield><subfield code='g'>0</subfield></datafield><datafield ind1=' ' ind2=' ' tag='ADM'><subfield code='b'>2018-06-19 03:14:48</subfield><subfield code='e'>b21529723-01tuli_inst</subfield><subfield code='d'>ILS</subfield><subfield code='a'>2017-06-20 06:08:29</subfield><subfield code='c'>false</subfield></datafield><datafield ind1='1' ind2=' ' tag='HLD'><subfield code='b'>ROME</subfield><subfield code='c'>fiction</subfield><subfield code='h'>823</subfield><subfield code='i'>AUS</subfield><subfield code='8'>22391589080003811</subfield></datafield><datafield ind1=' ' ind2=' ' tag='ITM'><subfield code='r'>22391589080003811</subfield><subfield code='b'>1</subfield><subfield code='h'>1</subfield><subfield code='g'>fiction</subfield><subfield code='t'>BOOK</subfield><subfield code='9'>39074029585064</subfield><subfield code='e'>fiction</subfield><subfield code='8'>23242232630003811</subfield><subfield code='a'>0</subfield><subfield code='q'>2017-06-20 06:08:29</subfield><subfield code='i'>823 AUS</subfield><subfield code='d'>ROME</subfield><subfield code='f'>ROME</subfield></datafield></record>