
<record xmlns='http://www.loc.gov/MARC21/slim'><leader>00837nam  2200229Ia 4500</leader><controlfield tag='001'>991036856141903811</controlfield><controlfield tag='005'>20170815170908.0</controlfield><controlfield tag='006'>m     o  d |      </controlfield><controlfield tag='007'>cr -n---------</controlfield><controlfield tag='008'>111102s2012    ii      o     000 0 eng d</controlfield><datafield ind1=' ' ind2=' ' tag='020'><subfield code='a'>1-283-57560-4</subfield></datafield><datafield ind1=' ' ind2=' ' tag='020'><subfield code='a'>9786613888051</subfield></datafield><datafield ind1=' ' ind2=' ' tag='020'><subfield code='a'>81-321-1072-2</subfield></datafield><datafield ind1=' ' ind2=' ' tag='035'><subfield code='a'>(CKB)2670000000235857</subfield></datafield><datafield ind1=' ' ind2=' ' tag='035'><subfield code='a'>(EBL)1013482</subfield></datafield><datafield ind1=' ' ind2=' ' tag='035'><subfield code='a'>(OCoLC)808620075</subfield></datafield><datafield ind1=' ' ind2=' ' tag='035'><subfield code='a'>(SSID)ssj0000739322</subfield></datafield><datafield ind1=' ' ind2=' ' tag='035'><subfield code='a'>(PQKBManifestationID)12299239</subfield></datafield><datafield ind1=' ' ind2=' ' tag='035'><subfield code='a'>(PQKBTitleCode)TC0000739322</subfield></datafield><datafield ind1=' ' ind2=' ' tag='035'><subfield code='a'>(PQKBWorkID)10687399</subfield></datafield><datafield ind1=' ' ind2=' ' tag='035'><subfield code='a'>(PQKB)11703956</subfield></datafield><datafield ind1=' ' ind2=' ' tag='035'><subfield code='a'>(MiAaPQ)EBC1013482</subfield></datafield><datafield ind1=' ' ind2=' ' tag='035'><subfield code='a'>(EXLCZ)992670000000235857</subfield></datafield><datafield ind1=' ' ind2=' ' tag='040'><subfield code='a'>MiAaPQ</subfield><subfield code='c'>MiAaPQ</subfield><subfield code='d'>MiAaPQ</subfield></datafield><datafield ind1=' ' ind2=' ' tag='041'><subfield code='a'>eng</subfield></datafield><datafield ind1=' ' ind2='4' tag='050'><subfield code='a'>JZ1720</subfield><subfield code='b'>.D59 2012</subfield></datafield><datafield ind1='0' ind2='0' tag='082'><subfield code='a'>320.09</subfield></datafield><datafield ind1='1' ind2=' ' tag='100'><subfield code='a'>Dixit, Kanak Mani.</subfield></datafield><datafield ind1='1' ind2='4' tag='245'><subfield code='a'>The Southasian sensibility</subfield><subfield code='h'>[electronic resource] :</subfield><subfield code='b'>a Himal reader /</subfield><subfield code='c'>Kanak Mani Dixit.</subfield></datafield><datafield ind1=' ' ind2=' ' tag='260'><subfield code='a'>New Delhi ;</subfield><subfield code='a'>Thousand Oaks :</subfield><subfield code='b'>SAGE Publications,</subfield><subfield code='c'>2012.</subfield></datafield><datafield ind1=' ' ind2=' ' tag='300'><subfield code='a'>1 online resource (353 p.)</subfield></datafield><datafield ind1=' ' ind2=' ' tag='336'><subfield code='a'>text</subfield><subfield code='b'>txt</subfield></datafield><datafield ind1=' ' ind2=' ' tag='337'><subfield code='a'>computer</subfield><subfield code='b'>c</subfield></datafield><datafield ind1=' ' ind2=' ' tag='338'><subfield code='a'>online resource</subfield><subfield code='b'>cr</subfield></datafield><datafield ind1=' ' ind2=' ' tag='500'><subfield code='a'>Description based upon print version of record.</subfield></datafield><datafield ind1='0' ind2=' ' tag='505'><subfield code='a'>Cover; Contents; List of Abbreviations; Acknowledgements; Introduction; 1 - The dragon bites its tail; 2 - Axing Chipko; 3 - Far Eastern Himalaya: The search for distance and dignity; 4 - A Bangladeshi looks for his country; 5 - A Kashmiri solution for Kashmir; 6 - The fractured image of Muhammad Ali Jinnah; 7 - Generals as governors: The parallel political systems of Northeast India; 8 - Eating with our fingers, watching Hindi cinema and consuming cricket; 9 - The dark white shroud; 10 - Between despair and hope: Interrogating &apos;terrorism&apos;; 11 - SAARC and the sovereignty bargain</subfield></datafield><datafield ind1='8' ind2=' ' tag='505'><subfield code='a'>12 - Relevance of the middle path: Rediscovering Gandhi for all Southasia13 - Two chairmen and a people; 14 - Gujarat as another country: The making and reality of a fascist realm; 15 - Reframing the &apos;Burma question&apos;; 16 - The beauty of compromise; 17 - Understanding the Nepali mandate; 18 - A people on the run; 19 - God and the gospel of globalisation; 20 - Why Pakistan is not a nation; 21 - A Tibet of the mind; 22 - Subsumed by history and nation; About the Editor and Contributors</subfield></datafield><datafield ind1=' ' ind2=' ' tag='520'><subfield code='a'>The Southasian Sensibility is a collection of some of the best articles published over the past 25 years in Himal Southasian, South Asia`s first and foremost regional news and analysis magazine. The essays are fine examples of long-form journalism, a form that Himal has pioneered in South Asia. Intended to mark the 25th anniversary of the magazine, the book argues for a regional sensibility when looking at issues in the subcontinent. The effort, throughout, is to look at issues from a humanist and progressive viewpoint with a strong emphasis on human rights. The select articles, while discussi</subfield></datafield><datafield ind1=' ' ind2=' ' tag='546'><subfield code='a'>English</subfield></datafield><datafield ind1=' ' ind2='0' tag='650'><subfield code='a'>Regionalism</subfield><subfield code='z'>South Asia.</subfield></datafield><datafield ind1=' ' ind2='4' tag='655'><subfield code='a'>Electronic books.</subfield></datafield><datafield ind1=' ' ind2='0' tag='651'><subfield code='a'>South Asia</subfield><subfield code='x'>Economic conditions.</subfield></datafield><datafield ind1=' ' ind2=' ' tag='700'><subfield code='a'>Dixit, Kanak Mani</subfield><subfield code='e'>Contributor</subfield></datafield><datafield ind1=' ' ind2=' ' tag='776'><subfield code='z'>81-321-0900-7</subfield></datafield><datafield ind1=' ' ind2=' ' tag='906'><subfield code='a'>BOOK</subfield></datafield><datafield ind1=' ' ind2=' ' tag='ADM'><subfield code='b'>2017-12-18 21:24:36</subfield><subfield code='e'>2670000000235857</subfield><subfield code='d'>EBC</subfield><subfield code='a'>2012-09-23 02:25:47</subfield><subfield code='c'>false</subfield></datafield><datafield ind1=' ' ind2=' ' tag='PRT'><subfield code='a'>53406478410003811</subfield><subfield code='b'>https://sandbox01-na.alma.exlibrisgroup.com/view/uresolver/01TULI_INST/openurl?u.ignore_date_coverage=true&amp;rft.mms_id=991036856141903811</subfield><subfield code='e'>EBSCOhost</subfield><subfield code='9'>Available</subfield><subfield code='c'>EBSCOhost eBook History Collection - North America</subfield><subfield code='h'>613790000000001582</subfield><subfield code='8'>53406478410003811</subfield></datafield></record>