
<record xmlns='http://www.loc.gov/MARC21/slim'><leader>00871camZa2200301zZZ4500</leader><controlfield tag='001'>991036794899803811</controlfield><controlfield tag='005'>20170810181809.0</controlfield><controlfield tag='008'>160829s1997    xx      o           eng d</controlfield><datafield ind1=' ' ind2=' ' tag='020'><subfield code='a'>0-585-23463-9</subfield></datafield><datafield ind1=' ' ind2=' ' tag='035'><subfield code='a'>(CKB)111004366770504</subfield></datafield><datafield ind1=' ' ind2=' ' tag='035'><subfield code='a'>(SSID)ssj0000244126</subfield></datafield><datafield ind1=' ' ind2=' ' tag='035'><subfield code='a'>(PQKBManifestationID)12050291</subfield></datafield><datafield ind1=' ' ind2=' ' tag='035'><subfield code='a'>(PQKBTitleCode)TC0000244126</subfield></datafield><datafield ind1=' ' ind2=' ' tag='035'><subfield code='a'>(PQKBWorkID)10164791</subfield></datafield><datafield ind1=' ' ind2=' ' tag='035'><subfield code='a'>(PQKB)10185653</subfield></datafield><datafield ind1=' ' ind2=' ' tag='035'><subfield code='a'>(EXLCZ)99111004366770504</subfield></datafield><datafield ind1=' ' ind2=' ' tag='040'><subfield code='a'>PQKB</subfield></datafield><datafield ind1=' ' ind2=' ' tag='041'><subfield code='a'>eng</subfield></datafield><datafield ind1=' ' ind2=' ' tag='100'><subfield code='a'>Austen, Jane</subfield><subfield code='e'>Author</subfield></datafield><datafield ind1=' ' ind2=' ' tag='210'><subfield code='a'>SENSE &amp; SENSIBILITY</subfield></datafield><datafield ind1='1' ind2='0' tag='245'><subfield code='a'>Sense and Sensibility</subfield></datafield><datafield ind1='3' ind2='1' tag='264'><subfield code='a'>[Place of publication not identified]</subfield><subfield code='b'>Running Press Book Publishers</subfield><subfield code='c'>1997</subfield></datafield><datafield ind1=' ' ind2=' ' tag='336'><subfield code='a'>text</subfield><subfield code='b'>txt</subfield></datafield><datafield ind1=' ' ind2=' ' tag='337'><subfield code='a'>computer</subfield><subfield code='b'>c</subfield></datafield><datafield ind1=' ' ind2=' ' tag='338'><subfield code='a'>online resource</subfield><subfield code='b'>cr</subfield></datafield><datafield ind1=' ' ind2=' ' tag='500'><subfield code='a'>Bibliographic Level Mode of Issuance: Monograph</subfield></datafield><datafield ind1=' ' ind2=' ' tag='546'><subfield code='a'>English</subfield></datafield><datafield ind1=' ' ind2=' ' tag='776'><subfield code='z'>0-7624-0566-X</subfield></datafield><datafield ind1=' ' ind2=' ' tag='906'><subfield code='a'>BOOK</subfield></datafield><datafield ind1=' ' ind2=' ' tag='ADM'><subfield code='b'>2017-08-12 06:26:05</subfield><subfield code='e'>99111004366770504</subfield><subfield code='d'>NON_SFX</subfield><subfield code='f'>20160803134623.0</subfield><subfield code='a'>2012-02-26 00:53:28</subfield><subfield code='c'>false</subfield></datafield><datafield ind1=' ' ind2=' ' tag='PRT'><subfield code='a'>53363930150003811</subfield><subfield code='b'>https://sandbox01-na.alma.exlibrisgroup.com/view/uresolver/01TULI_INST/openurl?u.ignore_date_coverage=true&amp;rft.mms_id=991036794899803811</subfield><subfield code='e'>EBSCOhost</subfield><subfield code='9'>Available</subfield><subfield code='c'>EBSCOhost Ebooks</subfield><subfield code='h'>61111000211069000</subfield><subfield code='8'>53363930150003811</subfield></datafield></record>