
<record xmlns='http://www.loc.gov/MARC21/slim'><leader>00935nam  2200265 a 4500</leader><controlfield tag='001'>991036746441303811</controlfield><controlfield tag='005'>20170821193414.0</controlfield><controlfield tag='006'>m     o  d |      </controlfield><controlfield tag='007'>cr -n---------</controlfield><controlfield tag='008'>130812s2012    gw a    ob    001 0 eng d</controlfield><datafield ind1=' ' ind2=' ' tag='020'><subfield code='a'>3-11-032038-X</subfield></datafield><datafield ind1=' ' ind2=' ' tag='035'><subfield code='a'>(CKB)2550000001097214</subfield></datafield><datafield ind1=' ' ind2=' ' tag='035'><subfield code='a'>(EBL)1215537</subfield></datafield><datafield ind1=' ' ind2=' ' tag='035'><subfield code='a'>(OCoLC)851972082</subfield></datafield><datafield ind1=' ' ind2=' ' tag='035'><subfield code='a'>(SSID)ssj0000801358</subfield></datafield><datafield ind1=' ' ind2=' ' tag='035'><subfield code='a'>(PQKBManifestationID)11957545</subfield></datafield><datafield ind1=' ' ind2=' ' tag='035'><subfield code='a'>(PQKBTitleCode)TC0000801358</subfield></datafield><datafield ind1=' ' ind2=' ' tag='035'><subfield code='a'>(PQKBWorkID)10789830</subfield></datafield><datafield ind1=' ' ind2=' ' tag='035'><subfield code='a'>(PQKB)10166836</subfield></datafield><datafield ind1=' ' ind2=' ' tag='035'><subfield code='a'>(MiAaPQ)EBC1215537</subfield></datafield><datafield ind1=' ' ind2=' ' tag='035'><subfield code='a'>(EXLCZ)992550000001097214</subfield></datafield><datafield ind1=' ' ind2=' ' tag='040'><subfield code='a'>MiAaPQ</subfield><subfield code='c'>MiAaPQ</subfield><subfield code='d'>MiAaPQ</subfield></datafield><datafield ind1=' ' ind2=' ' tag='041'><subfield code='a'>eng</subfield></datafield><datafield ind1=' ' ind2='4' tag='050'><subfield code='a'>BH301.S7</subfield><subfield code='b'>W45 2012</subfield></datafield><datafield ind1='1' ind2=' ' tag='100'><subfield code='a'>Weissman, David.</subfield></datafield><datafield ind1='1' ind2='0' tag='245'><subfield code='a'>Sensibility and the sublime</subfield><subfield code='h'>[electronic resource] /</subfield><subfield code='c'>David Weissman.</subfield></datafield><datafield ind1=' ' ind2=' ' tag='260'><subfield code='a'>Frankfurt ;</subfield><subfield code='a'>New Brunswick :</subfield><subfield code='b'>Ontos Verlag,</subfield><subfield code='c'>2012.</subfield></datafield><datafield ind1=' ' ind2=' ' tag='300'><subfield code='a'>1 online resource (129 p.)</subfield></datafield><datafield ind1=' ' ind2=' ' tag='336'><subfield code='a'>text</subfield><subfield code='b'>txt</subfield></datafield><datafield ind1=' ' ind2=' ' tag='337'><subfield code='a'>computer</subfield><subfield code='b'>c</subfield></datafield><datafield ind1=' ' ind2=' ' tag='338'><subfield code='a'>online resource</subfield><subfield code='b'>cr</subfield></datafield><datafield ind1=' ' ind2=' ' tag='500'><subfield code='a'>Description based upon print version of record.</subfield></datafield><datafield ind1='0' ind2=' ' tag='505'><subfield code='a'>Acknowledgments; Introduction; Chapter One. Sensibility; Chapter Two. Applications; Chapter Three. Irresolution; Chapter Four. Interiority and Selfhood; Index</subfield></datafield><datafield ind1=' ' ind2=' ' tag='520'><subfield code='a'>Philosophic attention shifted after Hegel from Kant&apos;s emphasis on sensibility to criticism and analyses of the fine arts. The arts themselves seemed as ample as nature; a disciplined science could devote as much energy to one as the other. But then the arts began to splinter because of new technologies: photography displaced figurative painting; hearing recorded music reduced the interest in learning to play it. The firm interiority that Hegel assumed was undermined by the speed, mechanization, and distractions of modern life. We inherit two problems: restore quality and conviction in the arts</subfield></datafield><datafield ind1=' ' ind2=' ' tag='546'><subfield code='a'>English</subfield></datafield><datafield ind1=' ' ind2=' ' tag='504'><subfield code='a'>Includes bibliographical references and index.</subfield></datafield><datafield ind1=' ' ind2='0' tag='650'><subfield code='a'>Sublime, The.</subfield></datafield><datafield ind1=' ' ind2='0' tag='650'><subfield code='a'>Sensitivity (Personality trait)</subfield></datafield><datafield ind1=' ' ind2='4' tag='655'><subfield code='a'>Electronic books.</subfield></datafield><datafield ind1=' ' ind2=' ' tag='776'><subfield code='z'>3-11-032009-6</subfield></datafield><datafield ind1=' ' ind2=' ' tag='776'><subfield code='z'>1-299-72497-3</subfield></datafield><datafield ind1=' ' ind2=' ' tag='906'><subfield code='a'>BOOK</subfield></datafield><datafield ind1=' ' ind2=' ' tag='ADM'><subfield code='b'>2018-04-19 02:41:41</subfield><subfield code='e'>992550000001097214</subfield><subfield code='d'>NON_SFX</subfield><subfield code='f'>20160803134623.0</subfield><subfield code='a'>2013-07-27 17:27:16</subfield><subfield code='c'>false</subfield></datafield><datafield ind1=' ' ind2=' ' tag='PRT'><subfield code='a'>53392133340003811</subfield><subfield code='b'>https://sandbox01-na.alma.exlibrisgroup.com/view/uresolver/01TULI_INST/openurl?u.ignore_date_coverage=true&amp;rft.mms_id=991036746441303811</subfield><subfield code='e'>EBSCOhost</subfield><subfield code='9'>Available</subfield><subfield code='c'>EBSCOhost Academic eBook Collection (North America)</subfield><subfield code='h'>613640000000000029</subfield><subfield code='8'>53392133340003811</subfield></datafield><datafield ind1=' ' ind2=' ' tag='PRT'><subfield code='a'>53422335360003811</subfield><subfield code='b'>https://sandbox01-na.alma.exlibrisgroup.com/view/uresolver/01TULI_INST/openurl?u.ignore_date_coverage=true&amp;rft.mms_id=991036746441303811</subfield><subfield code='e'>Ebook Central</subfield><subfield code='9'>Available</subfield><subfield code='c'>Ebook Central Academic Complete</subfield><subfield code='h'>614200000000000002</subfield><subfield code='8'>53422335360003811</subfield></datafield></record>