
<record xmlns='http://www.loc.gov/MARC21/slim'><leader>00964nam  2200265Ia 4500</leader><controlfield tag='001'>991036802512703811</controlfield><controlfield tag='005'>20170919020532.0</controlfield><controlfield tag='006'>m     o  d |      </controlfield><controlfield tag='007'>cr -n---------</controlfield><controlfield tag='008'>050118s2005    enka    ob    001 0 eng d</controlfield><datafield ind1=' ' ind2=' ' tag='010'><subfield code='z'>  2005001377</subfield></datafield><datafield ind1=' ' ind2=' ' tag='020'><subfield code='a'>0-19-160264-7</subfield></datafield><datafield ind1=' ' ind2=' ' tag='020'><subfield code='a'>0-19-153503-6</subfield></datafield><datafield ind1=' ' ind2=' ' tag='020'><subfield code='a'>1-281-19079-9</subfield></datafield><datafield ind1=' ' ind2=' ' tag='020'><subfield code='a'>9786611190798</subfield></datafield><datafield ind1=' ' ind2=' ' tag='020'><subfield code='a'>1-4356-2201-4</subfield></datafield><datafield ind1=' ' ind2=' ' tag='035'><subfield code='a'>(CKB)1000000000024638</subfield></datafield><datafield ind1=' ' ind2=' ' tag='035'><subfield code='a'>(EBL)3052595</subfield></datafield><datafield ind1=' ' ind2=' ' tag='035'><subfield code='a'>(OCoLC)191091895</subfield></datafield><datafield ind1=' ' ind2=' ' tag='035'><subfield code='a'>(SSID)ssj0000377988</subfield></datafield><datafield ind1=' ' ind2=' ' tag='035'><subfield code='a'>(PQKBManifestationID)12153709</subfield></datafield><datafield ind1=' ' ind2=' ' tag='035'><subfield code='a'>(PQKBTitleCode)TC0000377988</subfield></datafield><datafield ind1=' ' ind2=' ' tag='035'><subfield code='a'>(PQKBWorkID)10351129</subfield></datafield><datafield ind1=' ' ind2=' ' tag='035'><subfield code='a'>(PQKB)10089763</subfield></datafield><datafield ind1=' ' ind2=' ' tag='035'><subfield code='a'>(SSID)ssj0000089522</subfield></datafield><datafield ind1=' ' ind2=' ' tag='035'><subfield code='a'>(PQKBManifestationID)11124239</subfield></datafield><datafield ind1=' ' ind2=' ' tag='035'><subfield code='a'>(PQKBTitleCode)TC0000089522</subfield></datafield><datafield ind1=' ' ind2=' ' tag='035'><subfield code='a'>(PQKBWorkID)10089225</subfield></datafield><datafield ind1=' ' ind2=' ' tag='035'><subfield code='a'>(PQKB)10646015</subfield></datafield><datafield ind1=' ' ind2=' ' tag='035'><subfield code='a'>(StDuBDS)EDZ0000075350</subfield></datafield><datafield ind1=' ' ind2=' ' tag='035'><subfield code='a'>(MiAaPQ)EBC4634970</subfield></datafield><datafield ind1=' ' ind2=' ' tag='035'><subfield code='a'>(EXLCZ)991000000000024638</subfield></datafield><datafield ind1=' ' ind2=' ' tag='040'><subfield code='a'>MiAaPQ</subfield><subfield code='c'>MiAaPQ</subfield><subfield code='d'>MiAaPQ</subfield></datafield><datafield ind1=' ' ind2=' ' tag='041'><subfield code='a'>eng</subfield></datafield><datafield ind1=' ' ind2='4' tag='050'><subfield code='a'>BH301.J8</subfield><subfield code='b'>L67 2005</subfield></datafield><datafield ind1='0' ind2='0' tag='082'><subfield code='a'>750/.1/1</subfield></datafield><datafield ind1='1' ind2=' ' tag='100'><subfield code='a'>Lopes, Dominic.</subfield></datafield><datafield ind1='1' ind2='0' tag='245'><subfield code='a'>Sight and sensibility</subfield><subfield code='h'>[electronic resource] :</subfield><subfield code='b'>evaluating pictures /</subfield><subfield code='c'>Dominic McIver Lopes.</subfield></datafield><datafield ind1=' ' ind2=' ' tag='260'><subfield code='a'>Oxford :</subfield><subfield code='b'>Oxford University Press,</subfield><subfield code='c'>2005.</subfield></datafield><datafield ind1=' ' ind2=' ' tag='300'><subfield code='a'>1 online resource (223 p.)</subfield></datafield><datafield ind1=' ' ind2=' ' tag='336'><subfield code='a'>text</subfield><subfield code='b'>txt</subfield></datafield><datafield ind1=' ' ind2=' ' tag='337'><subfield code='a'>computer</subfield><subfield code='b'>c</subfield></datafield><datafield ind1=' ' ind2=' ' tag='338'><subfield code='a'>online resource</subfield><subfield code='b'>cr</subfield></datafield><datafield ind1=' ' ind2=' ' tag='500'><subfield code='a'>Description based upon print version of record.</subfield></datafield><datafield ind1='0' ind2=' ' tag='505'><subfield code='a'>&quot;&quot;Contents&quot;&quot;; &quot;&quot;List of Illustrations&quot;&quot;; &quot;&quot;Introduction&quot;&quot;; &quot;&quot;1. The Puzzle of Mimesis&quot;&quot;; &quot;&quot;2. The â€?Airâ€? of Pictures&quot;&quot;; &quot;&quot;3. Good Looking&quot;&quot;; &quot;&quot;4. Drawing Lessons&quot;&quot;; &quot;&quot;5. Moral Vision&quot;&quot;; &quot;&quot;Afterword&quot;&quot;; &quot;&quot;References&quot;&quot;; &quot;&quot;Index&quot;&quot;; &quot;&quot;A&quot;&quot;; &quot;&quot;B&quot;&quot;; &quot;&quot;C&quot;&quot;; &quot;&quot;D&quot;&quot;; &quot;&quot;E&quot;&quot;; &quot;&quot;F&quot;&quot;; &quot;&quot;G&quot;&quot;; &quot;&quot;H&quot;&quot;; &quot;&quot;I&quot;&quot;; &quot;&quot;J&quot;&quot;; &quot;&quot;K&quot;&quot;; &quot;&quot;L&quot;&quot;; &quot;&quot;M&quot;&quot;; &quot;&quot;N&quot;&quot;; &quot;&quot;O&quot;&quot;; &quot;&quot;P&quot;&quot;; &quot;&quot;R&quot;&quot;; &quot;&quot;S&quot;&quot;; &quot;&quot;T&quot;&quot;; &quot;&quot;U&quot;&quot;; &quot;&quot;V&quot;&quot;; &quot;&quot;W&quot;&quot;; &quot;&quot;Y&quot;&quot;; &quot;&quot;Z&quot;&quot;</subfield></datafield><datafield ind1=' ' ind2=' ' tag='546'><subfield code='a'>English</subfield></datafield><datafield ind1='8' ind2=' ' tag='520'><subfield code='a'>Images have power. They may challenge us to see things anew and in widening our experience, profoundly change who we are. The change can be ugly, as with propaganda, or enriching, as with many works of art. &apos;Sight and Sensibility&apos; explores the impact of images on what we know, how we see, and the moral assessments we make.</subfield></datafield><datafield ind1=' ' ind2=' ' tag='588'><subfield code='a'>Description based on print version record.</subfield></datafield><datafield ind1=' ' ind2=' ' tag='504'><subfield code='a'>Includes bibliographical references and index.</subfield></datafield><datafield ind1=' ' ind2='0' tag='650'><subfield code='a'>Judgment (Aesthetics)</subfield></datafield><datafield ind1=' ' ind2='0' tag='650'><subfield code='a'>Pictures.</subfield></datafield><datafield ind1=' ' ind2='4' tag='655'><subfield code='a'>Electronic books.</subfield></datafield><datafield ind1=' ' ind2=' ' tag='776'><subfield code='z'>0-19-923044-7</subfield></datafield><datafield ind1=' ' ind2=' ' tag='776'><subfield code='z'>0-19-927734-6</subfield></datafield><datafield ind1=' ' ind2=' ' tag='906'><subfield code='a'>BOOK</subfield></datafield><datafield ind1=' ' ind2=' ' tag='ADM'><subfield code='b'>2018-05-30 08:38:24</subfield><subfield code='e'>991000000000024638</subfield><subfield code='d'>NON_SFX</subfield><subfield code='f'>20120531150124.0</subfield><subfield code='a'>2012-02-26 00:22:58</subfield><subfield code='c'>false</subfield></datafield><datafield ind1=' ' ind2=' ' tag='PRT'><subfield code='a'>53367150230003811</subfield><subfield code='b'>https://sandbox01-na.alma.exlibrisgroup.com/view/uresolver/01TULI_INST/openurl?u.ignore_date_coverage=true&amp;rft.mms_id=991036802512703811</subfield><subfield code='e'>Oxford Scholarship Online</subfield><subfield code='9'>Available</subfield><subfield code='c'>Oxford Scholarship - Oxford University Press: Philosophy</subfield><subfield code='h'>613720000000002204</subfield><subfield code='8'>53367150230003811</subfield></datafield></record>