
<record xmlns='http://www.loc.gov/MARC21/slim'><leader>00972nam a22003490  4500</leader><controlfield tag='005'>20180618212022.0</controlfield><controlfield tag='008'>730731s1973    quc      b    00110 eng  </controlfield><controlfield tag='001'>991009584989703811</controlfield><datafield ind1=' ' ind2=' ' tag='010'><subfield code='a'>72094539</subfield></datafield><datafield ind1=' ' ind2=' ' tag='020'><subfield code='a'>0773501304</subfield></datafield><datafield ind1=' ' ind2=' ' tag='035'><subfield code='a'>(PPT)b1195906x-01tuli_inst</subfield></datafield><datafield ind1=' ' ind2=' ' tag='035'><subfield code='a'>ocn471114140</subfield><subfield code='9'>ExL</subfield></datafield><datafield ind1=' ' ind2=' ' tag='035'><subfield code='a'>PATG00693461B</subfield></datafield><datafield ind1=' ' ind2=' ' tag='035'><subfield code='a'>ocm00693461</subfield></datafield><datafield ind1=' ' ind2=' ' tag='035'><subfield code='a'>(OCLC)ocm00693461</subfield></datafield><datafield ind1=' ' ind2=' ' tag='079'><subfield code='a'>ocm00693461</subfield></datafield><datafield ind1=' ' ind2=' ' tag='090'><subfield code='a'>PQ2122.R5</subfield></datafield><datafield ind1='1' ind2='0' tag='100'><subfield code='a'>Ridgway, R. S.</subfield><subfield code='q'>(Ronald S.)</subfield></datafield><datafield ind1='1' ind2='0' tag='245'><subfield code='a'>Voltaire and sensibility</subfield><subfield code='c'>[by] R. S. Ridgway.</subfield></datafield><datafield ind1=' ' ind2=' ' tag='260'><subfield code='a'>Montreal,</subfield><subfield code='b'>McGill-Queen&apos;s University Press,</subfield><subfield code='c'>1973.</subfield></datafield><datafield ind1=' ' ind2=' ' tag='300'><subfield code='a'>298 p.</subfield><subfield code='c'>26 cm.</subfield></datafield><datafield ind1=' ' ind2=' ' tag='504'><subfield code='a'>Bibliography: p. 275-285.</subfield></datafield><datafield ind1='1' ind2='0' tag='600'><subfield code='a'>Voltaire,</subfield><subfield code='d'>1694-1778.</subfield></datafield><datafield ind1=' ' ind2=' ' tag='902'><subfield code='a'>091201</subfield></datafield><datafield ind1=' ' ind2=' ' tag='907'><subfield code='a'>.b1195906x</subfield><subfield code='b'>k    </subfield><subfield code='c'>-</subfield></datafield><datafield ind1=' ' ind2=' ' tag='935'><subfield code='a'>00210083</subfield></datafield><datafield ind1=' ' ind2=' ' tag='945'><subfield code='l'>kstk </subfield><subfield code='g'>1</subfield></datafield><datafield ind1=' ' ind2=' ' tag='950'><subfield code='l'>P</subfield><subfield code='x'>1</subfield><subfield code='i'>01/01/01 N</subfield></datafield><datafield ind1=' ' ind2=' ' tag='955'><subfield code='c'>-</subfield><subfield code='u'>a=958482     mc7403</subfield></datafield><datafield ind1=' ' ind2=' ' tag='979'><subfield code='a'>ocm00693461</subfield></datafield><datafield ind1=' ' ind2=' ' tag='998'><subfield code='b'>1</subfield><subfield code='c'>990101</subfield><subfield code='d'>m</subfield><subfield code='e'>a</subfield><subfield code='f'>-</subfield><subfield code='g'>0</subfield></datafield><datafield ind1=' ' ind2=' ' tag='998'><subfield code='n'>PPT</subfield><subfield code='s'>9665</subfield></datafield><datafield ind1=' ' ind2=' ' tag='ADM'><subfield code='b'>2018-06-19 01:20:22</subfield><subfield code='e'>b1195906x-01tuli_inst</subfield><subfield code='d'>ILS</subfield><subfield code='a'>2017-06-20 07:27:08</subfield><subfield code='c'>false</subfield></datafield><datafield ind1='0' ind2=' ' tag='HLD'><subfield code='b'>KARDON</subfield><subfield code='c'>p_remote</subfield><subfield code='h'>PQ2122.R5</subfield><subfield code='8'>22266733200003811</subfield></datafield><datafield ind1=' ' ind2=' ' tag='ITM'><subfield code='r'>22266733200003811</subfield><subfield code='b'>1</subfield><subfield code='h'>0</subfield><subfield code='g'>p_remote</subfield><subfield code='t'>BOOK</subfield><subfield code='9'>39074000555979</subfield><subfield code='e'>p_remote</subfield><subfield code='8'>23266733190003811</subfield><subfield code='a'>0</subfield><subfield code='q'>2017-06-20 07:27:08</subfield><subfield code='i'>PQ2122.R5</subfield><subfield code='d'>KARDON</subfield><subfield code='f'>KARDON</subfield></datafield></record>