
<record xmlns='http://www.loc.gov/MARC21/slim'><leader>00981nam a2200325 a 4500</leader><controlfield tag='005'>20170825231447.0</controlfield><controlfield tag='008'>960405s1989    enk           00010 eng d</controlfield><controlfield tag='001'>991034924069703811</controlfield><datafield ind1=' ' ind2=' ' tag='020'><subfield code='a'>0571153291 (pbk)</subfield></datafield><datafield ind1=' ' ind2=' ' tag='035'><subfield code='a'>(PPT)b17226715-01tuli_inst</subfield></datafield><datafield ind1=' ' ind2=' ' tag='035'><subfield code='a'>(CStRLIN)ocn477177230</subfield><subfield code='9'>ExL</subfield></datafield><datafield ind1=' ' ind2=' ' tag='035'><subfield code='a'>PATG96-B16557</subfield></datafield><datafield ind1=' ' ind2=' ' tag='035'><subfield code='a'>ocm17771809</subfield></datafield><datafield ind1=' ' ind2=' ' tag='035'><subfield code='a'>(OCLC)ocm17771809</subfield></datafield><datafield ind1=' ' ind2=' ' tag='040'><subfield code='a'>Uk</subfield><subfield code='c'>Uk</subfield><subfield code='d'>DLC</subfield><subfield code='d'>CStRLIN</subfield><subfield code='d'>CtY</subfield><subfield code='d'>CoFS</subfield><subfield code='d'>PPT</subfield></datafield><datafield ind1=' ' ind2=' ' tag='079'><subfield code='a'>ocm17771809</subfield></datafield><datafield ind1=' ' ind2=' ' tag='090'><subfield code='a'>PS3564.E4747S467x 1989</subfield></datafield><datafield ind1='1' ind2=' ' tag='100'><subfield code='a'>Nelson, Richard,</subfield><subfield code='d'>1950-</subfield></datafield><datafield ind1='1' ind2='0' tag='245'><subfield code='a'>Sensibility and sense /</subfield><subfield code='c'>Richard Nelson.</subfield></datafield><datafield ind1=' ' ind2=' ' tag='260'><subfield code='a'>London :</subfield><subfield code='b'>Faber and Faber,</subfield><subfield code='c'>1989.</subfield></datafield><datafield ind1=' ' ind2=' ' tag='300'><subfield code='a'>69 p. ;</subfield><subfield code='c'>20 cm.</subfield></datafield><datafield ind1=' ' ind2=' ' tag='902'><subfield code='a'>091218</subfield></datafield><datafield ind1=' ' ind2=' ' tag='907'><subfield code='a'>.b17226715</subfield><subfield code='b'>p    </subfield><subfield code='c'>-</subfield></datafield><datafield ind1=' ' ind2=' ' tag='935'><subfield code='a'>00786728</subfield></datafield><datafield ind1=' ' ind2=' ' tag='945'><subfield code='l'>pstk </subfield><subfield code='g'>1</subfield></datafield><datafield ind1=' ' ind2=' ' tag='950'><subfield code='l'>P</subfield><subfield code='i'>04/05/96 N</subfield></datafield><datafield ind1=' ' ind2=' ' tag='955'><subfield code='l'>P</subfield><subfield code='c'>0</subfield><subfield code='r'>39074009990581</subfield><subfield code='i'>04/05/96 C</subfield></datafield><datafield ind1=' ' ind2=' ' tag='979'><subfield code='a'>ocm17771809</subfield></datafield><datafield ind1=' ' ind2=' ' tag='998'><subfield code='b'>1</subfield><subfield code='c'>990101</subfield><subfield code='d'>m</subfield><subfield code='e'>a</subfield><subfield code='f'>-</subfield><subfield code='g'>0</subfield></datafield><datafield ind1=' ' ind2=' ' tag='998'><subfield code='a'>04/05/96</subfield><subfield code='t'>c</subfield><subfield code='s'>9112</subfield><subfield code='l'>PATG</subfield><subfield code='n'>PPT</subfield><subfield code='w'>CTYG89B30294</subfield><subfield code='d'>04/05/96</subfield><subfield code='c'>RM</subfield><subfield code='b'>RF</subfield></datafield><datafield ind1=' ' ind2=' ' tag='ADM'><subfield code='b'>2018-06-20 04:26:52</subfield><subfield code='e'>b17226715-01tuli_inst</subfield><subfield code='d'>ILS</subfield><subfield code='a'>2017-06-20 13:47:43</subfield><subfield code='c'>false</subfield></datafield><datafield ind1='0' ind2=' ' tag='HLD'><subfield code='b'>MAIN</subfield><subfield code='c'>stacks</subfield><subfield code='h'>PS3564.E4747S467x 1989</subfield><subfield code='8'>22327317300003811</subfield></datafield><datafield ind1=' ' ind2=' ' tag='ITM'><subfield code='r'>22327317300003811</subfield><subfield code='b'>1</subfield><subfield code='h'>0</subfield><subfield code='g'>stacks</subfield><subfield code='t'>BOOK</subfield><subfield code='9'>39074009990581</subfield><subfield code='e'>stacks</subfield><subfield code='8'>23327317290003811</subfield><subfield code='a'>0</subfield><subfield code='q'>2017-06-20 13:47:43</subfield><subfield code='i'>PS3564.E4747S467x 1989</subfield><subfield code='d'>MAIN</subfield><subfield code='f'>MAIN</subfield></datafield></record>