
<record xmlns='http://www.loc.gov/MARC21/slim'><leader>01027pam a2200313 a 4500</leader><controlfield tag='005'>20180618235537.0</controlfield><controlfield tag='008'>910711r19901980enk      b    00011 eng  </controlfield><controlfield tag='001'>991017217279703811</controlfield><datafield ind1=' ' ind2=' ' tag='010'><subfield code='a'>89078248</subfield></datafield><datafield ind1=' ' ind2=' ' tag='020'><subfield code='a'>0192827618 (pbk.)</subfield><subfield code='c'>3.95</subfield></datafield><datafield ind1=' ' ind2=' ' tag='035'><subfield code='a'>(PPT)b48858286-01tuli_inst</subfield></datafield><datafield ind1=' ' ind2=' ' tag='040'><subfield code='a'>DLC</subfield><subfield code='c'>DLC</subfield><subfield code='d'>DLC</subfield></datafield><datafield ind1='0' ind2='0' tag='050'><subfield code='a'>PR4034</subfield><subfield code='b'>.S4 1990</subfield></datafield><datafield ind1=' ' ind2=' ' tag='069'><subfield code='a'>00622074</subfield></datafield><datafield ind1=' ' ind2=' ' tag='090'><subfield code='a'>PR 4034 .S4 1990</subfield></datafield><datafield ind1='1' ind2=' ' tag='100'><subfield code='a'>Austen, Jane,</subfield><subfield code='d'>1775-1817.</subfield></datafield><datafield ind1='1' ind2='0' tag='245'><subfield code='a'>Sense and sensibility /</subfield><subfield code='c'>Jane Austen ; edited by James Kinsley ; with a new introduction by Margaret Anne Doody ; notes by Claire Lamont.</subfield></datafield><datafield ind1='0' ind2=' ' tag='260'><subfield code='a'>Oxford ;</subfield><subfield code='a'>New York :</subfield><subfield code='b'>Oxford University Press,</subfield><subfield code='c'>1990.</subfield></datafield><datafield ind1=' ' ind2=' ' tag='300'><subfield code='a'>liv, 343 p. ;</subfield><subfield code='c'>19 cm.</subfield></datafield><datafield ind1='1' ind2=' ' tag='490'><subfield code='a'>The World&apos;s classics</subfield></datafield><datafield ind1=' ' ind2=' ' tag='504'><subfield code='a'>Includes bibliographical references (p. [xlviii]-li).</subfield></datafield><datafield ind1='1' ind2=' ' tag='700'><subfield code='a'>Kinsley, James.</subfield></datafield><datafield ind1=' ' ind2='0' tag='830'><subfield code='a'>World&apos;s classics.</subfield></datafield><datafield ind1=' ' ind2=' ' tag='902'><subfield code='a'>120309</subfield></datafield><datafield ind1=' ' ind2=' ' tag='907'><subfield code='a'>.b48858286</subfield><subfield code='b'>jt   </subfield><subfield code='c'>-</subfield></datafield><datafield ind1=' ' ind2=' ' tag='915'><subfield code='a'>2842</subfield></datafield><datafield ind1=' ' ind2=' ' tag='945'><subfield code='l'>jtcas</subfield><subfield code='g'>1</subfield></datafield><datafield ind1=' ' ind2=' ' tag='998'><subfield code='b'>1</subfield><subfield code='c'>110807</subfield><subfield code='d'>m</subfield><subfield code='e'>a</subfield><subfield code='f'>-</subfield><subfield code='g'>0</subfield></datafield><datafield ind1=' ' ind2=' ' tag='998'><subfield code='b'>1</subfield><subfield code='c'>110807</subfield><subfield code='d'>m</subfield><subfield code='e'>a</subfield><subfield code='f'>-</subfield><subfield code='g'>0</subfield></datafield><datafield ind1=' ' ind2=' ' tag='ADM'><subfield code='b'>2018-06-19 03:55:37</subfield><subfield code='e'>b48858286-01tuli_inst</subfield><subfield code='d'>ILS</subfield><subfield code='a'>2017-06-20 12:23:38</subfield><subfield code='c'>false</subfield></datafield><datafield ind1='0' ind2=' ' tag='HLD'><subfield code='b'>JAPAN</subfield><subfield code='c'>stacks</subfield><subfield code='h'>PR 4034 .S4 1990</subfield><subfield code='8'>22317851790003811</subfield></datafield><datafield ind1=' ' ind2=' ' tag='ITM'><subfield code='r'>22317851790003811</subfield><subfield code='b'>1</subfield><subfield code='h'>0</subfield><subfield code='g'>stacks</subfield><subfield code='t'>BOOK</subfield><subfield code='9'>31982060052554</subfield><subfield code='e'>stacks</subfield><subfield code='8'>23317851780003811</subfield><subfield code='a'>0</subfield><subfield code='q'>2017-06-20 12:23:38</subfield><subfield code='i'>PR 4034 .S4 1990</subfield><subfield code='d'>JAPAN</subfield><subfield code='f'>JAPAN</subfield></datafield></record>