
<record xmlns='http://www.loc.gov/MARC21/slim'><leader>01071nam a2200337 a 4500</leader><controlfield tag='005'>20180618231448.0</controlfield><controlfield tag='008'>910708s1993    enk      b    00011 eng  </controlfield><controlfield tag='001'>991013511139703811</controlfield><datafield ind1=' ' ind2=' ' tag='035'><subfield code='a'>(PPT)b21529711-01tuli_inst</subfield></datafield><datafield ind1=' ' ind2=' ' tag='035'><subfield code='a'>(DLC)MRC06493376 </subfield><subfield code='9'>ExL</subfield></datafield><datafield ind1=' ' ind2=' ' tag='040'><subfield code='c'>MvI</subfield></datafield><datafield ind1=' ' ind2=' ' tag='043'><subfield code='a'>e-uk-en</subfield></datafield><datafield ind1='1' ind2='4' tag='082'><subfield code='a'>823</subfield><subfield code='b'>AUS</subfield></datafield><datafield ind1='1' ind2=' ' tag='100'><subfield code='a'>Austen, Jane,</subfield><subfield code='d'>1775-1817.</subfield></datafield><datafield ind1='1' ind2='0' tag='245'><subfield code='a'>Sense and sensibility /</subfield><subfield code='c'>Jane Austen ; with an introduction by Peter Conrad.</subfield></datafield><datafield ind1=' ' ind2=' ' tag='260'><subfield code='a'>Ware, Hertfordshire :</subfield><subfield code='b'>Wordsworth,</subfield><subfield code='c'>1993.</subfield></datafield><datafield ind1=' ' ind2=' ' tag='300'><subfield code='a'>374 p.</subfield></datafield><datafield ind1='0' ind2=' ' tag='490'><subfield code='a'>Wordsworth Classics</subfield></datafield><datafield ind1=' ' ind2=' ' tag='504'><subfield code='a'>Includes bibliographical references.</subfield></datafield><datafield ind1=' ' ind2='0' tag='650'><subfield code='a'>English fiction.</subfield></datafield><datafield ind1=' ' ind2='0' tag='651'><subfield code='a'>England</subfield><subfield code='x'>Social life and customs</subfield><subfield code='y'>19th century</subfield><subfield code='v'>Fiction.</subfield></datafield><datafield ind1=' ' ind2='0' tag='650'><subfield code='a'>Young women</subfield><subfield code='z'>England</subfield><subfield code='v'>Fiction.</subfield></datafield><datafield ind1=' ' ind2='0' tag='650'><subfield code='a'>Sisters</subfield><subfield code='z'>England</subfield><subfield code='v'>Fiction.</subfield></datafield><datafield ind1=' ' ind2='7' tag='655'><subfield code='a'>Humorous fiction.</subfield><subfield code='2'>lcgft</subfield></datafield><datafield ind1=' ' ind2='7' tag='655'><subfield code='a'>Didactic fiction.</subfield><subfield code='2'>lcgft</subfield></datafield><datafield ind1=' ' ind2='7' tag='655'><subfield code='a'>Love stories.</subfield><subfield code='2'>gsafd</subfield></datafield><datafield ind1=' ' ind2=' ' tag='902'><subfield code='a'>160426</subfield></datafield><datafield ind1=' ' ind2=' ' tag='902'><subfield code='a'>MARCIVE RECON PROJECT</subfield></datafield><datafield ind1=' ' ind2=' ' tag='907'><subfield code='a'>.b21529711</subfield><subfield code='b'>ir   </subfield><subfield code='c'>-</subfield></datafield><datafield ind1=' ' ind2=' ' tag='945'><subfield code='l'>irfic</subfield><subfield code='g'>1</subfield></datafield><datafield ind1=' ' ind2=' ' tag='998'><subfield code='b'>1</subfield><subfield code='c'>000930</subfield><subfield code='d'>m</subfield><subfield code='e'>a</subfield><subfield code='f'>-</subfield><subfield code='g'>0</subfield></datafield><datafield ind1=' ' ind2=' ' tag='ADM'><subfield code='b'>2018-06-19 03:14:48</subfield><subfield code='e'>b21529711-01tuli_inst</subfield><subfield code='d'>ILS</subfield><subfield code='a'>2017-06-20 06:08:29</subfield><subfield code='c'>false</subfield></datafield><datafield ind1='1' ind2=' ' tag='HLD'><subfield code='b'>ROME</subfield><subfield code='c'>fiction</subfield><subfield code='h'>823</subfield><subfield code='i'>AUS</subfield><subfield code='8'>22391589260003811</subfield></datafield><datafield ind1=' ' ind2=' ' tag='ITM'><subfield code='r'>22391589260003811</subfield><subfield code='b'>1</subfield><subfield code='h'>1</subfield><subfield code='g'>fiction</subfield><subfield code='t'>BOOK</subfield><subfield code='9'>39074029585072</subfield><subfield code='e'>fiction</subfield><subfield code='8'>23242235010003811</subfield><subfield code='a'>0</subfield><subfield code='q'>2017-06-20 06:08:29</subfield><subfield code='i'>823 AUS</subfield><subfield code='d'>ROME</subfield><subfield code='f'>ROME</subfield></datafield></record>