
<record xmlns='http://www.loc.gov/MARC21/slim'><leader>01076nam  22003014a 4500</leader><controlfield tag='001'>991036733468703811</controlfield><controlfield tag='005'>20170815111515.0</controlfield><controlfield tag='006'>m     o  d |      </controlfield><controlfield tag='007'>cr -n---------</controlfield><controlfield tag='008'>020719s2004    enka    ob    001 0 eng  </controlfield><datafield ind1=' ' ind2=' ' tag='010'><subfield code='z'>  2002011554</subfield></datafield><datafield ind1=' ' ind2=' ' tag='020'><subfield code='a'>1-280-48206-0</subfield></datafield><datafield ind1=' ' ind2=' ' tag='020'><subfield code='a'>0-19-534874-5</subfield></datafield><datafield ind1=' ' ind2=' ' tag='020'><subfield code='a'>1-4237-4583-3</subfield></datafield><datafield ind1=' ' ind2=' ' tag='035'><subfield code='a'>(CKB)1000000000404723</subfield></datafield><datafield ind1=' ' ind2=' ' tag='035'><subfield code='a'>(EBL)281332</subfield></datafield><datafield ind1=' ' ind2=' ' tag='035'><subfield code='a'>(OCoLC)191924366</subfield></datafield><datafield ind1=' ' ind2=' ' tag='035'><subfield code='a'>(SSID)ssj0000113507</subfield></datafield><datafield ind1=' ' ind2=' ' tag='035'><subfield code='a'>(PQKBManifestationID)11133765</subfield></datafield><datafield ind1=' ' ind2=' ' tag='035'><subfield code='a'>(PQKBTitleCode)TC0000113507</subfield></datafield><datafield ind1=' ' ind2=' ' tag='035'><subfield code='a'>(PQKBWorkID)10101133</subfield></datafield><datafield ind1=' ' ind2=' ' tag='035'><subfield code='a'>(PQKB)10396648</subfield></datafield><datafield ind1=' ' ind2=' ' tag='035'><subfield code='a'>(MiAaPQ)EBC281332</subfield></datafield><datafield ind1=' ' ind2=' ' tag='035'><subfield code='a'>(EXLCZ)991000000000404723</subfield></datafield><datafield ind1=' ' ind2=' ' tag='040'><subfield code='a'>MiAaPQ</subfield><subfield code='c'>MiAaPQ</subfield><subfield code='d'>MiAaPQ</subfield></datafield><datafield ind1=' ' ind2=' ' tag='041'><subfield code='a'>eng</subfield></datafield><datafield ind1=' ' ind2='4' tag='050'><subfield code='a'>BF161</subfield><subfield code='b'>.S3512 2004</subfield></datafield><datafield ind1='0' ind2='0' tag='082'><subfield code='a'>150</subfield></datafield><datafield ind1='1' ind2=' ' tag='100'><subfield code='a'>Schulkin, Jay.</subfield></datafield><datafield ind1='1' ind2='0' tag='245'><subfield code='a'>Bodily sensibility</subfield><subfield code='h'>[electronic resource] :</subfield><subfield code='b'>intelligent action /</subfield><subfield code='c'>Jay Schulkin.</subfield></datafield><datafield ind1=' ' ind2=' ' tag='260'><subfield code='a'>Oxford ; New York :</subfield><subfield code='b'>Oxford University Press,</subfield><subfield code='c'>c2004.</subfield></datafield><datafield ind1=' ' ind2=' ' tag='300'><subfield code='a'>1 online resource (201 p.)</subfield></datafield><datafield ind1=' ' ind2=' ' tag='336'><subfield code='a'>text</subfield><subfield code='b'>txt</subfield></datafield><datafield ind1=' ' ind2=' ' tag='337'><subfield code='a'>computer</subfield><subfield code='b'>c</subfield></datafield><datafield ind1=' ' ind2=' ' tag='338'><subfield code='a'>online resource</subfield><subfield code='b'>cr</subfield></datafield><datafield ind1='1' ind2=' ' tag='490'><subfield code='a'>Series in affective science</subfield></datafield><datafield ind1=' ' ind2=' ' tag='500'><subfield code='a'>Description based upon print version of record.</subfield></datafield><datafield ind1='0' ind2=' ' tag='505'><subfield code='a'>Contents; Introduction; Chapter 1 Bodily Representations, Behavior, and the Brain; Chapter 2 Demythologizing the Emotions; Chapter 3 Aesthetic Judgment, Discrepancy, and Inquiry; Chapter 4 Moral Sensibility and Social Cohesion; Chapter 5 Drives and Explanations; Conclusion: Corporeal Representations; Notes; References; Index</subfield></datafield><datafield ind1=' ' ind2=' ' tag='520'><subfield code='a'>Schulkin presents neuroscientific research demonstrating that thought is not on one side and bodily sensibility on the other; biologically, they are integrated. Schulkin argues that this integration has implications for judgements about art and music, attraction and revulsion, and the perpetual inclination to explain ourselves and our surroundings.</subfield></datafield><datafield ind1=' ' ind2=' ' tag='546'><subfield code='a'>English</subfield></datafield><datafield ind1=' ' ind2=' ' tag='504'><subfield code='a'>Includes bibliographical references (p. 137-177) and index.</subfield></datafield><datafield ind1=' ' ind2='0' tag='650'><subfield code='a'>Mind and body.</subfield></datafield><datafield ind1=' ' ind2='0' tag='650'><subfield code='a'>Cognition.</subfield></datafield><datafield ind1=' ' ind2='0' tag='650'><subfield code='a'>Human information processing.</subfield></datafield><datafield ind1=' ' ind2='4' tag='655'><subfield code='a'>Electronic books.</subfield></datafield><datafield ind1=' ' ind2=' ' tag='776'><subfield code='z'>0-19-514994-7</subfield></datafield><datafield ind1=' ' ind2='0' tag='830'><subfield code='a'>Series in affective science.</subfield></datafield><datafield ind1=' ' ind2=' ' tag='906'><subfield code='a'>BOOK</subfield></datafield><datafield ind1=' ' ind2=' ' tag='ADM'><subfield code='b'>2018-04-26 15:39:32</subfield><subfield code='e'>991000000000404723</subfield><subfield code='d'>NON_SFX</subfield><subfield code='f'>20160817082139.0</subfield><subfield code='a'>2012-02-26 01:33:35</subfield><subfield code='c'>false</subfield></datafield><datafield ind1=' ' ind2=' ' tag='PRT'><subfield code='a'>53420464230003811</subfield><subfield code='b'>https://sandbox01-na.alma.exlibrisgroup.com/view/uresolver/01TULI_INST/openurl?u.ignore_date_coverage=true&amp;rft.mms_id=991036733468703811</subfield><subfield code='e'>Ebook Central</subfield><subfield code='9'>Available</subfield><subfield code='c'>Ebook Central Academic Complete</subfield><subfield code='h'>614200000000000002</subfield><subfield code='8'>53420464230003811</subfield></datafield><datafield ind1=' ' ind2=' ' tag='PRT'><subfield code='a'>53392326410003811</subfield><subfield code='b'>https://sandbox01-na.alma.exlibrisgroup.com/view/uresolver/01TULI_INST/openurl?u.ignore_date_coverage=true&amp;rft.mms_id=991036733468703811</subfield><subfield code='e'>EBSCOhost</subfield><subfield code='9'>Available</subfield><subfield code='c'>EBSCOhost Academic eBook Collection (North America)</subfield><subfield code='h'>613640000000000029</subfield><subfield code='8'>53392326410003811</subfield></datafield><datafield ind1=' ' ind2=' ' tag='PRT'><subfield code='a'>53423935120003811</subfield><subfield code='b'>https://sandbox01-na.alma.exlibrisgroup.com/view/uresolver/01TULI_INST/openurl?u.ignore_date_coverage=true&amp;rft.mms_id=991036733468703811</subfield><subfield code='e'>Ebook Central</subfield><subfield code='9'>Available</subfield><subfield code='c'>Ebook Central College Complete</subfield><subfield code='h'>614330000000000032</subfield><subfield code='8'>53423935120003811</subfield></datafield></record>