
<record xmlns='http://www.loc.gov/MARC21/slim'><leader>01093nam a22003618a 4500</leader><controlfield tag='005'>20180618231449.0</controlfield><controlfield tag='008'>950511s1995    enk           000 1 eng  </controlfield><controlfield tag='001'>991013511219703811</controlfield><datafield ind1=' ' ind2=' ' tag='035'><subfield code='a'>(PPT)b21529735-01tuli_inst</subfield></datafield><datafield ind1=' ' ind2=' ' tag='035'><subfield code='a'>(DLC)MRC06493386 </subfield><subfield code='9'>ExL</subfield></datafield><datafield ind1=' ' ind2=' ' tag='040'><subfield code='c'>MvI</subfield></datafield><datafield ind1=' ' ind2=' ' tag='043'><subfield code='a'>e-uk-en</subfield></datafield><datafield ind1='1' ind2='4' tag='082'><subfield code='a'>823</subfield><subfield code='b'>AUS</subfield></datafield><datafield ind1='1' ind2=' ' tag='100'><subfield code='a'>Austen, Jane,</subfield><subfield code='d'>1775-1817.</subfield></datafield><datafield ind1='1' ind2='0' tag='240'><subfield code='a'>Novels.</subfield><subfield code='k'>Selections</subfield></datafield><datafield ind1='1' ind2='4' tag='245'><subfield code='a'>The works of Jane Austen.</subfield></datafield><datafield ind1=' ' ind2=' ' tag='260'><subfield code='a'>London :</subfield><subfield code='b'>Spring Books,</subfield><subfield code='c'>1966.</subfield></datafield><datafield ind1=' ' ind2=' ' tag='300'><subfield code='a'>1000 p.;</subfield><subfield code='c'>24 cm.</subfield></datafield><datafield ind1='0' ind2=' ' tag='505'><subfield code='a'>Emma -- Pride and prejudice -- Sense and sensibility.</subfield></datafield><datafield ind1=' ' ind2='0' tag='650'><subfield code='a'>English fiction.</subfield></datafield><datafield ind1=' ' ind2='0' tag='651'><subfield code='a'>England</subfield><subfield code='x'>Social life and customs</subfield><subfield code='y'>19th century</subfield><subfield code='v'>Fiction.</subfield></datafield><datafield ind1=' ' ind2='0' tag='650'><subfield code='a'>Young women</subfield><subfield code='z'>England</subfield><subfield code='v'>Fiction.</subfield></datafield><datafield ind1=' ' ind2='0' tag='650'><subfield code='a'>Courtship</subfield><subfield code='z'>England</subfield><subfield code='v'>Fiction.</subfield></datafield><datafield ind1=' ' ind2='7' tag='655'><subfield code='a'>Bildungsromans.</subfield><subfield code='2'>lcgft</subfield></datafield><datafield ind1=' ' ind2='7' tag='655'><subfield code='a'>Love stories.</subfield><subfield code='2'>gsafd</subfield></datafield><datafield ind1='0' ind2='1' tag='740'><subfield code='a'>Emma.</subfield></datafield><datafield ind1='0' ind2='1' tag='740'><subfield code='a'>Pride and prejudice.</subfield></datafield><datafield ind1='0' ind2='1' tag='740'><subfield code='a'>Sense and sensibility.</subfield></datafield><datafield ind1=' ' ind2=' ' tag='902'><subfield code='a'>160426</subfield></datafield><datafield ind1=' ' ind2=' ' tag='902'><subfield code='a'>MARCIVE RECON PROJECT</subfield></datafield><datafield ind1=' ' ind2=' ' tag='907'><subfield code='a'>.b21529735</subfield><subfield code='b'>ir   </subfield><subfield code='c'>-</subfield></datafield><datafield ind1=' ' ind2=' ' tag='945'><subfield code='l'>irfic</subfield><subfield code='g'>1</subfield></datafield><datafield ind1=' ' ind2=' ' tag='998'><subfield code='b'>1</subfield><subfield code='c'>000930</subfield><subfield code='d'>m</subfield><subfield code='e'>a</subfield><subfield code='f'>-</subfield><subfield code='g'>4</subfield></datafield><datafield ind1=' ' ind2=' ' tag='ADM'><subfield code='b'>2018-06-19 03:14:49</subfield><subfield code='e'>b21529735-01tuli_inst</subfield><subfield code='d'>ILS</subfield><subfield code='a'>2017-06-20 06:08:31</subfield><subfield code='c'>false</subfield></datafield><datafield ind1='1' ind2=' ' tag='HLD'><subfield code='b'>ROME</subfield><subfield code='c'>fiction</subfield><subfield code='h'>823</subfield><subfield code='i'>AUS</subfield><subfield code='8'>22391588540003811</subfield></datafield><datafield ind1=' ' ind2=' ' tag='ITM'><subfield code='r'>22391588540003811</subfield><subfield code='b'>1</subfield><subfield code='h'>1</subfield><subfield code='g'>fiction</subfield><subfield code='t'>BOOK</subfield><subfield code='9'>39074029585098</subfield><subfield code='e'>fiction</subfield><subfield code='8'>23242243340003811</subfield><subfield code='a'>0</subfield><subfield code='q'>2017-06-20 06:08:31</subfield><subfield code='i'>823 AUS</subfield><subfield code='d'>ROME</subfield><subfield code='f'>ROME</subfield></datafield></record>