
<record xmlns='http://www.loc.gov/MARC21/slim'><leader>01097nam a2200361 a 4500</leader><controlfield tag='005'>20170825211222.0</controlfield><controlfield tag='008'>941121s1994    nyu           000 1 eng  </controlfield><controlfield tag='001'>991033247649703811</controlfield><datafield ind1=' ' ind2=' ' tag='020'><subfield code='a'>0575057556</subfield></datafield><datafield ind1=' ' ind2=' ' tag='035'><subfield code='a'>(PPT)b16826802-01tuli_inst</subfield></datafield><datafield ind1=' ' ind2=' ' tag='035'><subfield code='a'>(CStRLIN)ocn476952833</subfield><subfield code='9'>ExL</subfield></datafield><datafield ind1=' ' ind2=' ' tag='035'><subfield code='a'>PATG94-B41858</subfield></datafield><datafield ind1=' ' ind2=' ' tag='035'><subfield code='a'>ocm30713084</subfield></datafield><datafield ind1=' ' ind2=' ' tag='035'><subfield code='a'>(OCLC)ocm30713084</subfield></datafield><datafield ind1=' ' ind2=' ' tag='040'><subfield code='d'>NjP</subfield></datafield><datafield ind1=' ' ind2=' ' tag='043'><subfield code='a'>e-uk-en</subfield></datafield><datafield ind1=' ' ind2=' ' tag='079'><subfield code='a'>ocm30713084</subfield></datafield><datafield ind1=' ' ind2=' ' tag='090'><subfield code='a'>PR6051.I35</subfield><subfield code='b'>E44x 1994</subfield></datafield><datafield ind1='1' ind2=' ' tag='100'><subfield code='a'>Aiken, Joan,</subfield><subfield code='d'>1924-2004.</subfield></datafield><datafield ind1='1' ind2='0' tag='245'><subfield code='a'>Eliza&apos;s daughter /</subfield><subfield code='c'>Joan Aiken.</subfield></datafield><datafield ind1=' ' ind2=' ' tag='260'><subfield code='a'>London :</subfield><subfield code='b'>Victor Gollancz,</subfield><subfield code='c'>1994.</subfield></datafield><datafield ind1=' ' ind2=' ' tag='300'><subfield code='a'>316 p. ;</subfield><subfield code='c'>22 cm.</subfield></datafield><datafield ind1=' ' ind2=' ' tag='500'><subfield code='a'>Sequel to: Sense and sensibility / Jane Austen.</subfield></datafield><datafield ind1='1' ind2=' ' tag='700'><subfield code='a'>Austen, Jane,</subfield><subfield code='d'>1775-1817.</subfield><subfield code='t'>Sense and sensibility.</subfield></datafield><datafield ind1=' ' ind2=' ' tag='902'><subfield code='a'>150414</subfield></datafield><datafield ind1=' ' ind2=' ' tag='907'><subfield code='a'>.b16826802</subfield><subfield code='b'>k    </subfield><subfield code='c'>-</subfield></datafield><datafield ind1=' ' ind2=' ' tag='935'><subfield code='a'>00743553</subfield></datafield><datafield ind1=' ' ind2=' ' tag='945'><subfield code='l'>kstk </subfield><subfield code='g'>1</subfield></datafield><datafield ind1=' ' ind2=' ' tag='950'><subfield code='l'>P</subfield><subfield code='i'>11/21/94 N</subfield></datafield><datafield ind1=' ' ind2=' ' tag='955'><subfield code='l'>P</subfield><subfield code='c'>0</subfield><subfield code='r'>39074009701871</subfield><subfield code='i'>11/21/94 C</subfield></datafield><datafield ind1=' ' ind2=' ' tag='979'><subfield code='a'>ocm30713084</subfield></datafield><datafield ind1=' ' ind2=' ' tag='998'><subfield code='b'>1</subfield><subfield code='c'>990101</subfield><subfield code='d'>m</subfield><subfield code='e'>a</subfield><subfield code='f'>-</subfield><subfield code='g'>0</subfield></datafield><datafield ind1=' ' ind2=' ' tag='998'><subfield code='a'>11/21/94</subfield><subfield code='t'>c</subfield><subfield code='s'>9115</subfield><subfield code='n'>PPT</subfield><subfield code='w'>NJPG94B45457</subfield><subfield code='d'>11/21/94</subfield><subfield code='c'>VLC</subfield><subfield code='b'>AS</subfield><subfield code='i'>941121</subfield><subfield code='l'>PATG</subfield></datafield><datafield ind1=' ' ind2=' ' tag='ADM'><subfield code='b'>2018-06-20 03:53:41</subfield><subfield code='e'>b16826802-01tuli_inst</subfield><subfield code='d'>ILS</subfield><subfield code='a'>2017-06-20 09:48:54</subfield><subfield code='c'>false</subfield></datafield><datafield ind1='0' ind2=' ' tag='HLD'><subfield code='b'>KARDON</subfield><subfield code='c'>p_remote</subfield><subfield code='h'>PR6051.I35</subfield><subfield code='i'>E44x 1994</subfield><subfield code='8'>22297309820003811</subfield></datafield><datafield ind1=' ' ind2=' ' tag='ITM'><subfield code='r'>22297309820003811</subfield><subfield code='b'>1</subfield><subfield code='h'>0</subfield><subfield code='g'>p_remote</subfield><subfield code='t'>BOOK</subfield><subfield code='9'>39074009701871</subfield><subfield code='e'>p_remote</subfield><subfield code='8'>23297309790003811</subfield><subfield code='a'>0</subfield><subfield code='q'>2017-06-20 09:48:54</subfield><subfield code='i'>PR6051.I35 E44x 1994</subfield><subfield code='d'>KARDON</subfield><subfield code='f'>KARDON</subfield></datafield></record>