
<record xmlns='http://www.loc.gov/MARC21/slim'><leader>01100nam a22003610  4500</leader><controlfield tag='005'>20180618144610.0</controlfield><controlfield tag='008'>770511s1977    enk      b    00000 eng  </controlfield><controlfield tag='001'>991004994299703811</controlfield><datafield ind1=' ' ind2=' ' tag='010'><subfield code='a'>76040876</subfield></datafield><datafield ind1=' ' ind2=' ' tag='020'><subfield code='a'>0064909573 (Barnes &amp; Noble) :</subfield><subfield code='c'>$17.50 (U.S.)</subfield></datafield><datafield ind1=' ' ind2=' ' tag='035'><subfield code='a'>(PPT)b11035572-01tuli_inst</subfield></datafield><datafield ind1=' ' ind2=' ' tag='035'><subfield code='a'>ocn469478715</subfield><subfield code='9'>ExL</subfield></datafield><datafield ind1=' ' ind2=' ' tag='035'><subfield code='a'>PATG03002276B</subfield></datafield><datafield ind1=' ' ind2=' ' tag='035'><subfield code='a'>ocm02933695</subfield></datafield><datafield ind1=' ' ind2=' ' tag='035'><subfield code='a'>(OCLC)ocm02933695</subfield></datafield><datafield ind1=' ' ind2=' ' tag='040'><subfield code='a'>DLC</subfield><subfield code='c'>DLC</subfield><subfield code='d'>PPT</subfield></datafield><datafield ind1=' ' ind2=' ' tag='043'><subfield code='a'>e-fr---</subfield></datafield><datafield ind1=' ' ind2=' ' tag='079'><subfield code='a'>ocm02933695</subfield></datafield><datafield ind1=' ' ind2=' ' tag='090'><subfield code='a'>PQ442.S4</subfield></datafield><datafield ind1='0' ind2='0' tag='245'><subfield code='a'>Sensibility and creation :</subfield><subfield code='b'>studies in twentieth-century French poetry /</subfield><subfield code='c'>edited by Roger Cardinal.</subfield></datafield><datafield ind1=' ' ind2=' ' tag='260'><subfield code='a'>London :</subfield><subfield code='b'>C. Helm ;</subfield><subfield code='a'>New York :</subfield><subfield code='b'>Barnes &amp; Noble,</subfield><subfield code='c'>1977.</subfield></datafield><datafield ind1=' ' ind2=' ' tag='300'><subfield code='a'>252 p. ;</subfield><subfield code='c'>23 cm.</subfield></datafield><datafield ind1=' ' ind2=' ' tag='504'><subfield code='a'>Bibliography: p. 241-250.</subfield></datafield><datafield ind1=' ' ind2='0' tag='650'><subfield code='a'>French poetry</subfield><subfield code='y'>20th century</subfield><subfield code='x'>History and criticism.</subfield></datafield><datafield ind1='1' ind2='0' tag='700'><subfield code='a'>Cardinal, Roger.</subfield></datafield><datafield ind1=' ' ind2=' ' tag='902'><subfield code='a'>091125</subfield></datafield><datafield ind1=' ' ind2=' ' tag='907'><subfield code='a'>.b11035572</subfield><subfield code='b'>k    </subfield><subfield code='c'>-</subfield></datafield><datafield ind1=' ' ind2=' ' tag='935'><subfield code='a'>00109998</subfield></datafield><datafield ind1=' ' ind2=' ' tag='945'><subfield code='l'>kstk </subfield><subfield code='g'>1</subfield></datafield><datafield ind1=' ' ind2=' ' tag='950'><subfield code='l'>P</subfield><subfield code='x'>1</subfield><subfield code='i'>01/01/01 N</subfield></datafield><datafield ind1=' ' ind2=' ' tag='979'><subfield code='a'>ocm02933695</subfield></datafield><datafield ind1=' ' ind2=' ' tag='998'><subfield code='b'>1</subfield><subfield code='c'>990101</subfield><subfield code='d'>m</subfield><subfield code='e'>a</subfield><subfield code='f'>-</subfield><subfield code='g'>0</subfield></datafield><datafield ind1=' ' ind2=' ' tag='998'><subfield code='n'>PPT</subfield><subfield code='s'>9665</subfield></datafield><datafield ind1=' ' ind2=' ' tag='ADM'><subfield code='b'>2018-06-18 18:46:10</subfield><subfield code='e'>b11035572-01tuli_inst</subfield><subfield code='d'>ILS</subfield><subfield code='a'>2017-06-20 07:41:53</subfield><subfield code='c'>false</subfield></datafield><datafield ind1='0' ind2=' ' tag='HLD'><subfield code='b'>KARDON</subfield><subfield code='c'>p_remote</subfield><subfield code='h'>PQ442.S4</subfield><subfield code='8'>22270829270003811</subfield></datafield><datafield ind1=' ' ind2=' ' tag='ITM'><subfield code='r'>22270829270003811</subfield><subfield code='b'>1</subfield><subfield code='h'>0</subfield><subfield code='g'>p_remote</subfield><subfield code='t'>BOOK</subfield><subfield code='9'>39074000328179</subfield><subfield code='e'>p_remote</subfield><subfield code='8'>23270829260003811</subfield><subfield code='a'>0</subfield><subfield code='q'>2017-06-20 07:41:53</subfield><subfield code='i'>PQ442.S4</subfield><subfield code='d'>KARDON</subfield><subfield code='f'>KARDON</subfield></datafield></record>