
<record xmlns='http://www.loc.gov/MARC21/slim'><leader>01141nam a2200361 a 4500</leader><controlfield tag='005'>20170825192630.0</controlfield><controlfield tag='008'>950927s1994    enk      b    000 0 eng d</controlfield><controlfield tag='001'>991034347159703811</controlfield><datafield ind1=' ' ind2=' ' tag='020'><subfield code='a'>0140772707 (pbk.)</subfield></datafield><datafield ind1=' ' ind2=' ' tag='035'><subfield code='a'>(PPT)b17079615-01tuli_inst</subfield></datafield><datafield ind1=' ' ind2=' ' tag='035'><subfield code='a'>(CStRLIN)ocn477103166</subfield><subfield code='9'>ExL</subfield></datafield><datafield ind1=' ' ind2=' ' tag='035'><subfield code='a'>PATG95-B61540</subfield></datafield><datafield ind1=' ' ind2=' ' tag='035'><subfield code='a'>ocm31943778</subfield></datafield><datafield ind1=' ' ind2=' ' tag='035'><subfield code='a'>(OCLC)ocm31943778</subfield></datafield><datafield ind1=' ' ind2=' ' tag='040'><subfield code='a'>CtY</subfield><subfield code='c'>CtY</subfield><subfield code='d'>PPT</subfield></datafield><datafield ind1=' ' ind2=' ' tag='079'><subfield code='a'>ocm31943778</subfield></datafield><datafield ind1=' ' ind2=' ' tag='090'><subfield code='a'>PR4034.S43A76x 1994</subfield></datafield><datafield ind1='1' ind2=' ' tag='100'><subfield code='a'>Armstrong, Isobel.</subfield></datafield><datafield ind1='1' ind2='0' tag='245'><subfield code='a'>Jane Austen :</subfield><subfield code='b'>sense and sensibility /</subfield><subfield code='c'>Isobel Armstrong.</subfield></datafield><datafield ind1=' ' ind2=' ' tag='260'><subfield code='a'>London :</subfield><subfield code='b'>Penguin Books,</subfield><subfield code='c'>1994.</subfield></datafield><datafield ind1=' ' ind2=' ' tag='300'><subfield code='a'>136 p. ;</subfield><subfield code='c'>20 cm.</subfield></datafield><datafield ind1=' ' ind2='0' tag='440'><subfield code='a'>Penguin critical studies</subfield></datafield><datafield ind1=' ' ind2=' ' tag='504'><subfield code='a'>Includes bibliographical references (p. 135-136).</subfield></datafield><datafield ind1='1' ind2='0' tag='600'><subfield code='a'>Austen, Jane,</subfield><subfield code='d'>1775-1817.</subfield><subfield code='t'>Sense and sensibility.</subfield></datafield><datafield ind1=' ' ind2=' ' tag='902'><subfield code='a'>160206</subfield></datafield><datafield ind1=' ' ind2=' ' tag='907'><subfield code='a'>.b17079615</subfield><subfield code='b'>p    </subfield><subfield code='c'>-</subfield></datafield><datafield ind1=' ' ind2=' ' tag='935'><subfield code='a'>00770039</subfield></datafield><datafield ind1=' ' ind2=' ' tag='945'><subfield code='l'>pstk </subfield><subfield code='g'>1</subfield></datafield><datafield ind1=' ' ind2=' ' tag='950'><subfield code='l'>P</subfield><subfield code='i'>09/27/95 N</subfield></datafield><datafield ind1=' ' ind2=' ' tag='955'><subfield code='l'>P</subfield><subfield code='c'>0</subfield><subfield code='r'>39074010221240</subfield><subfield code='i'>09/27/95 C</subfield></datafield><datafield ind1=' ' ind2=' ' tag='979'><subfield code='a'>ocm31943778</subfield></datafield><datafield ind1=' ' ind2=' ' tag='998'><subfield code='b'>1</subfield><subfield code='c'>990101</subfield><subfield code='d'>m</subfield><subfield code='e'>a</subfield><subfield code='f'>-</subfield><subfield code='g'>0</subfield></datafield><datafield ind1=' ' ind2=' ' tag='998'><subfield code='a'>09/27/95</subfield><subfield code='t'>c</subfield><subfield code='s'>9115</subfield><subfield code='l'>PATG</subfield><subfield code='n'>PPT</subfield><subfield code='w'>CTYAFJR5858B</subfield><subfield code='d'>09/27/95</subfield><subfield code='c'>MFK</subfield><subfield code='b'>MJ</subfield></datafield><datafield ind1=' ' ind2=' ' tag='ADM'><subfield code='b'>2018-06-20 04:16:38</subfield><subfield code='e'>b17079615-01tuli_inst</subfield><subfield code='d'>ILS</subfield><subfield code='a'>2017-06-20 08:40:40</subfield><subfield code='c'>false</subfield></datafield><datafield ind1='0' ind2=' ' tag='HLD'><subfield code='b'>MAIN</subfield><subfield code='c'>stacks</subfield><subfield code='h'>PR4034.S43A76x 1994</subfield><subfield code='8'>22285162930003811</subfield></datafield><datafield ind1=' ' ind2=' ' tag='ITM'><subfield code='r'>22285162930003811</subfield><subfield code='b'>1</subfield><subfield code='h'>0</subfield><subfield code='g'>stacks</subfield><subfield code='t'>BOOK</subfield><subfield code='9'>39074010221240</subfield><subfield code='e'>stacks</subfield><subfield code='8'>23285162920003811</subfield><subfield code='a'>0</subfield><subfield code='q'>2017-06-20 08:40:40</subfield><subfield code='i'>PR4034.S43A76x 1994</subfield><subfield code='d'>MAIN</subfield><subfield code='f'>MAIN</subfield></datafield></record>