
<record xmlns='http://www.loc.gov/MARC21/slim'><leader>01148pam a2200373 a 4500</leader><controlfield tag='005'>20170825232625.0</controlfield><controlfield tag='008'>960305s1997    cau      b    001 0 eng  </controlfield><controlfield tag='001'>991000353779703811</controlfield><datafield ind1=' ' ind2=' ' tag='010'><subfield code='a'>96012500</subfield></datafield><datafield ind1=' ' ind2=' ' tag='020'><subfield code='a'>0520202570 (hbk. : alk. paper)</subfield></datafield><datafield ind1=' ' ind2=' ' tag='020'><subfield code='a'>0520206746 (pbk. : alk. paper)</subfield></datafield><datafield ind1=' ' ind2=' ' tag='035'><subfield code='a'>(PPT)b17741099-01tuli_inst</subfield></datafield><datafield ind1=' ' ind2=' ' tag='035'><subfield code='a'>(DLC    )ocn478585091</subfield><subfield code='9'>ExL</subfield></datafield><datafield ind1=' ' ind2=' ' tag='035'><subfield code='a'>DLC   96012500</subfield></datafield><datafield ind1=' ' ind2=' ' tag='035'><subfield code='a'>ocm34356161</subfield></datafield><datafield ind1=' ' ind2=' ' tag='035'><subfield code='a'>(OCLC)ocm34356161</subfield></datafield><datafield ind1=' ' ind2=' ' tag='040'><subfield code='a'>DLC</subfield><subfield code='c'>DLC</subfield><subfield code='d'>OrLoB</subfield></datafield><datafield ind1=' ' ind2=' ' tag='079'><subfield code='a'>ocm34356161</subfield></datafield><datafield ind1=' ' ind2=' ' tag='090'><subfield code='a'>HQ75.5.S75 1997</subfield></datafield><datafield ind1='1' ind2=' ' tag='100'><subfield code='a'>Stein, Arlene.</subfield></datafield><datafield ind1='1' ind2='0' tag='245'><subfield code='a'>Sex and sensibility :</subfield><subfield code='b'>stories of a lesbian generation /</subfield><subfield code='c'>Arlene Stein.</subfield></datafield><datafield ind1=' ' ind2=' ' tag='260'><subfield code='a'>Berkeley, Calif. ;</subfield><subfield code='a'>London :</subfield><subfield code='b'>University of California Press,</subfield><subfield code='c'>c1997.</subfield></datafield><datafield ind1=' ' ind2=' ' tag='300'><subfield code='a'>x, 256 p. ;</subfield><subfield code='c'>24 cm.</subfield></datafield><datafield ind1=' ' ind2=' ' tag='504'><subfield code='a'>Includes bibliographical references (p. 233-250) and index.</subfield></datafield><datafield ind1=' ' ind2='0' tag='650'><subfield code='a'>Lesbianism.</subfield></datafield><datafield ind1=' ' ind2='0' tag='650'><subfield code='a'>Lesbians.</subfield></datafield><datafield ind1=' ' ind2='0' tag='650'><subfield code='a'>Identity (Psychology)</subfield></datafield><datafield ind1=' ' ind2='0' tag='650'><subfield code='a'>Lesbian feminism.</subfield></datafield><datafield ind1=' ' ind2=' ' tag='902'><subfield code='a'>150417</subfield></datafield><datafield ind1=' ' ind2=' ' tag='907'><subfield code='a'>.b17741099</subfield><subfield code='b'>p    </subfield><subfield code='c'>-</subfield></datafield><datafield ind1=' ' ind2=' ' tag='935'><subfield code='a'>00841889</subfield></datafield><datafield ind1=' ' ind2=' ' tag='945'><subfield code='l'>pstk </subfield><subfield code='g'>1</subfield></datafield><datafield ind1=' ' ind2=' ' tag='979'><subfield code='a'>ocm34356161</subfield></datafield><datafield ind1=' ' ind2=' ' tag='998'><subfield code='b'>1</subfield><subfield code='c'>990101</subfield><subfield code='d'>m</subfield><subfield code='e'>a</subfield><subfield code='f'>-</subfield><subfield code='g'>0</subfield></datafield><datafield ind1=' ' ind2=' ' tag='ADM'><subfield code='b'>2018-06-18 14:35:13</subfield><subfield code='e'>b17741099-01tuli_inst</subfield><subfield code='d'>ILS</subfield><subfield code='a'>2017-06-20 06:38:58</subfield><subfield code='c'>false</subfield></datafield><datafield ind1='0' ind2=' ' tag='HLD'><subfield code='b'>MAIN</subfield><subfield code='c'>stacks</subfield><subfield code='h'>HQ75.5.S75 1997</subfield><subfield code='8'>22251879360003811</subfield></datafield><datafield ind1=' ' ind2=' ' tag='ITM'><subfield code='r'>22251879360003811</subfield><subfield code='b'>1</subfield><subfield code='h'>0</subfield><subfield code='g'>stacks</subfield><subfield code='t'>BOOK</subfield><subfield code='9'>39074010735959</subfield><subfield code='e'>stacks</subfield><subfield code='8'>23251879350003811</subfield><subfield code='a'>0</subfield><subfield code='q'>2017-06-20 06:38:58</subfield><subfield code='i'>HQ75.5.S75 1997</subfield><subfield code='d'>MAIN</subfield><subfield code='f'>MAIN</subfield></datafield></record>