
<record xmlns='http://www.loc.gov/MARC21/slim'><leader>01157nam a2200361 a 4500</leader><controlfield tag='005'>20180315121443.0</controlfield><controlfield tag='008'>000216s1999    nyua     b    001 0 eng  </controlfield><controlfield tag='001'>991011788709703811</controlfield><datafield ind1=' ' ind2=' ' tag='010'><subfield code='a'>99028702</subfield></datafield><datafield ind1=' ' ind2=' ' tag='020'><subfield code='a'>0874779898 (alk. paper)</subfield></datafield><datafield ind1=' ' ind2=' ' tag='035'><subfield code='a'>(PPT)b21111248-01tuli_inst</subfield></datafield><datafield ind1=' ' ind2=' ' tag='035'><subfield code='a'>(CStRLIN)ocn475747055</subfield><subfield code='9'>ExL</subfield></datafield><datafield ind1=' ' ind2=' ' tag='035'><subfield code='a'>PATG00-B3053</subfield></datafield><datafield ind1=' ' ind2=' ' tag='035'><subfield code='a'>ocm41273056</subfield></datafield><datafield ind1=' ' ind2=' ' tag='035'><subfield code='a'>(OCLC)ocm41273056</subfield></datafield><datafield ind1=' ' ind2=' ' tag='040'><subfield code='a'>DLC</subfield><subfield code='c'>DLC</subfield><subfield code='d'>DLC</subfield></datafield><datafield ind1=' ' ind2=' ' tag='079'><subfield code='a'>ocm41273056</subfield></datafield><datafield ind1=' ' ind2=' ' tag='090'><subfield code='a'>BF321</subfield><subfield code='b'>.S45 1999</subfield></datafield><datafield ind1='1' ind2=' ' tag='100'><subfield code='a'>Sewall, Laura,</subfield><subfield code='d'>1955-</subfield></datafield><datafield ind1='1' ind2='0' tag='245'><subfield code='a'>Sight and sensibility :</subfield><subfield code='b'>the ecopsychology of perception /</subfield><subfield code='c'>Laura Sewall.</subfield></datafield><datafield ind1=' ' ind2=' ' tag='260'><subfield code='a'>New York :</subfield><subfield code='b'>J.P. Tarcher/Putnam,</subfield><subfield code='c'>c1999.</subfield></datafield><datafield ind1=' ' ind2=' ' tag='300'><subfield code='a'>xvii, 302 p. :</subfield><subfield code='b'>ill. ;</subfield><subfield code='c'>22 cm.</subfield></datafield><datafield ind1=' ' ind2=' ' tag='504'><subfield code='a'>Includes bibliographical references (p. [284]-295) and index.</subfield></datafield><datafield ind1=' ' ind2='0' tag='650'><subfield code='a'>Apperception.</subfield></datafield><datafield ind1=' ' ind2='0' tag='650'><subfield code='a'>Perception.</subfield></datafield><datafield ind1=' ' ind2='0' tag='650'><subfield code='a'>Awareness.</subfield></datafield><datafield ind1=' ' ind2='1' tag='901'><subfield code='i'>39074014007272</subfield><subfield code='l'>pstk</subfield><subfield code='a'>BF321</subfield><subfield code='b'>.S45 1999</subfield><subfield code='t'>0</subfield><subfield code='s'>-</subfield><subfield code='z'>090</subfield></datafield><datafield ind1=' ' ind2=' ' tag='907'><subfield code='a'>.b21111248</subfield><subfield code='b'>p    </subfield><subfield code='c'>-</subfield></datafield><datafield ind1=' ' ind2=' ' tag='945'><subfield code='l'>pstk </subfield><subfield code='g'>1</subfield></datafield><datafield ind1=' ' ind2=' ' tag='950'><subfield code='l'>P</subfield></datafield><datafield ind1=' ' ind2=' ' tag='979'><subfield code='a'>ocm41273056</subfield></datafield><datafield ind1=' ' ind2=' ' tag='998'><subfield code='b'>1</subfield><subfield code='c'>000217</subfield><subfield code='d'>m</subfield><subfield code='e'>a</subfield><subfield code='f'>-</subfield><subfield code='g'>0</subfield></datafield><datafield ind1=' ' ind2=' ' tag='998'><subfield code='a'>02/16/00</subfield><subfield code='t'>c</subfield><subfield code='s'>9110</subfield><subfield code='l'>PATG</subfield><subfield code='n'>PPT</subfield><subfield code='w'>DCLC9928702B</subfield><subfield code='d'>02/16/00</subfield><subfield code='c'>AT </subfield><subfield code='b'>AT</subfield></datafield><datafield ind1=' ' ind2=' ' tag='ADM'><subfield code='b'>2018-06-19 01:55:12</subfield><subfield code='e'>b21111248-01tuli_inst</subfield><subfield code='d'>ILS</subfield><subfield code='a'>2017-06-20 07:30:22</subfield><subfield code='c'>false</subfield></datafield><datafield ind1='0' ind2=' ' tag='HLD'><subfield code='b'>MAIN</subfield><subfield code='c'>stacks</subfield><subfield code='h'>BF321</subfield><subfield code='i'>.S45 1999</subfield><subfield code='8'>22267655050003811</subfield></datafield><datafield ind1=' ' ind2=' ' tag='ITM'><subfield code='r'>22267655050003811</subfield><subfield code='b'>1</subfield><subfield code='h'>0</subfield><subfield code='g'>stacks</subfield><subfield code='t'>BOOK</subfield><subfield code='9'>39074014007272</subfield><subfield code='e'>stacks</subfield><subfield code='8'>23267655020003811</subfield><subfield code='a'>0</subfield><subfield code='q'>2017-06-20 07:30:22</subfield><subfield code='i'>BF321 .S45 1999</subfield><subfield code='d'>MAIN</subfield><subfield code='f'>MAIN</subfield></datafield></record>