
<record xmlns='http://www.loc.gov/MARC21/slim'><leader>01159nam  2200289 a 4500</leader><controlfield tag='001'>991036744196803811</controlfield><controlfield tag='005'>20170815150214.0</controlfield><controlfield tag='006'>m     o  d |      </controlfield><controlfield tag='007'>cr -n---------</controlfield><controlfield tag='008'>120112s2010    enk     ob    000 0 eng d</controlfield><datafield ind1=' ' ind2=' ' tag='020'><subfield code='a'>1-283-44537-9</subfield></datafield><datafield ind1=' ' ind2=' ' tag='020'><subfield code='a'>9786613445377</subfield></datafield><datafield ind1=' ' ind2=' ' tag='020'><subfield code='a'>1-84540-292-8</subfield></datafield><datafield ind1=' ' ind2=' ' tag='035'><subfield code='a'>(CKB)2670000000107493</subfield></datafield><datafield ind1=' ' ind2=' ' tag='035'><subfield code='a'>(EBL)744286</subfield></datafield><datafield ind1=' ' ind2=' ' tag='035'><subfield code='a'>(OCoLC)745866948</subfield></datafield><datafield ind1=' ' ind2=' ' tag='035'><subfield code='a'>(SSID)ssj0000566416</subfield></datafield><datafield ind1=' ' ind2=' ' tag='035'><subfield code='a'>(PQKBManifestationID)11335710</subfield></datafield><datafield ind1=' ' ind2=' ' tag='035'><subfield code='a'>(PQKBTitleCode)TC0000566416</subfield></datafield><datafield ind1=' ' ind2=' ' tag='035'><subfield code='a'>(PQKBWorkID)10550407</subfield></datafield><datafield ind1=' ' ind2=' ' tag='035'><subfield code='a'>(PQKB)10280774</subfield></datafield><datafield ind1=' ' ind2=' ' tag='035'><subfield code='a'>(MiAaPQ)EBC744286</subfield></datafield><datafield ind1=' ' ind2=' ' tag='035'><subfield code='a'>(EXLCZ)992670000000107493</subfield></datafield><datafield ind1=' ' ind2=' ' tag='040'><subfield code='a'>MiAaPQ</subfield><subfield code='c'>MiAaPQ</subfield><subfield code='d'>MiAaPQ</subfield></datafield><datafield ind1=' ' ind2=' ' tag='041'><subfield code='a'>eng</subfield></datafield><datafield ind1=' ' ind2='4' tag='050'><subfield code='a'>BH39</subfield><subfield code='b'>.B47 2010</subfield></datafield><datafield ind1='0' ind2='0' tag='082'><subfield code='a'>111.85</subfield></datafield><datafield ind1='1' ind2=' ' tag='100'><subfield code='a'>Berleant, Arnold.</subfield></datafield><datafield ind1='1' ind2='0' tag='245'><subfield code='a'>Sensibility and sense</subfield><subfield code='h'>[electronic resource] :</subfield><subfield code='b'>the aesthetic transformation of the human world /</subfield><subfield code='c'>Arnold Berleant.</subfield></datafield><datafield ind1=' ' ind2=' ' tag='260'><subfield code='a'>Exeter, U.K. :</subfield><subfield code='b'>Imprint Academic,</subfield><subfield code='c'>2010.</subfield></datafield><datafield ind1=' ' ind2=' ' tag='300'><subfield code='a'>1 online resource (230 p.)</subfield></datafield><datafield ind1=' ' ind2=' ' tag='336'><subfield code='a'>text</subfield><subfield code='b'>txt</subfield></datafield><datafield ind1=' ' ind2=' ' tag='337'><subfield code='a'>computer</subfield><subfield code='b'>c</subfield></datafield><datafield ind1=' ' ind2=' ' tag='338'><subfield code='a'>online resource</subfield><subfield code='b'>cr</subfield></datafield><datafield ind1='1' ind2=' ' tag='490'><subfield code='a'>St. Andrews studies in philosophy and public affairs</subfield></datafield><datafield ind1=' ' ind2=' ' tag='500'><subfield code='a'>Description based upon print version of record.</subfield></datafield><datafield ind1=' ' ind2=' ' tag='520'><subfield code='a'>Aesthetic sensibility rests on perceptual experience and characterizes not only our experience of the arts but our experience of the world. Sensibility and Sense offers a philosophically comprehensive account of humans&apos; social and cultural embeddedness encountered, recognized, and fulfilled as an aesthetic mode of experience. Extending the range of aesthetic experience from the stone of the earth&apos;s surface to the celestial sphere, the book focuses on the aesthetic as a dimension of social ex...</subfield></datafield><datafield ind1=' ' ind2=' ' tag='546'><subfield code='a'>English</subfield></datafield><datafield ind1='0' ind2=' ' tag='505'><subfield code='a'>pt. 1. Grounding the world -- pt. 2. Aesthetics and the human world -- pt. 3. Social aesthetics.</subfield></datafield><datafield ind1=' ' ind2=' ' tag='504'><subfield code='a'>Includes bibliographical references.</subfield></datafield><datafield ind1=' ' ind2='0' tag='650'><subfield code='a'>Aesthetics.</subfield></datafield><datafield ind1=' ' ind2='0' tag='650'><subfield code='a'>Philosophy.</subfield></datafield><datafield ind1=' ' ind2='4' tag='655'><subfield code='a'>Electronic books.</subfield></datafield><datafield ind1=' ' ind2=' ' tag='700'><subfield code='a'>Berleant, Andrew</subfield><subfield code='e'>Contributor</subfield></datafield><datafield ind1=' ' ind2=' ' tag='776'><subfield code='z'>1-84540-076-3</subfield></datafield><datafield ind1=' ' ind2='0' tag='830'><subfield code='a'>St Andrews Studies in Philosophy and Public Affairs, 6</subfield></datafield><datafield ind1=' ' ind2=' ' tag='906'><subfield code='a'>BOOK</subfield></datafield><datafield ind1=' ' ind2=' ' tag='ADM'><subfield code='b'>2018-04-19 04:02:24</subfield><subfield code='e'>992670000000107493</subfield><subfield code='d'>NON_SFX</subfield><subfield code='f'>20160803134623.0</subfield><subfield code='a'>2012-02-25 21:57:56</subfield><subfield code='c'>false</subfield></datafield><datafield ind1=' ' ind2=' ' tag='PRT'><subfield code='a'>53422861400003811</subfield><subfield code='b'>https://sandbox01-na.alma.exlibrisgroup.com/view/uresolver/01TULI_INST/openurl?u.ignore_date_coverage=true&amp;rft.mms_id=991036744196803811</subfield><subfield code='e'>Ebook Central</subfield><subfield code='9'>Available</subfield><subfield code='c'>Ebook Central Academic Complete</subfield><subfield code='h'>614200000000000002</subfield><subfield code='8'>53422861400003811</subfield></datafield><datafield ind1=' ' ind2=' ' tag='PRT'><subfield code='a'>53394442980003811</subfield><subfield code='b'>https://sandbox01-na.alma.exlibrisgroup.com/view/uresolver/01TULI_INST/openurl?u.ignore_date_coverage=true&amp;rft.mms_id=991036744196803811</subfield><subfield code='e'>EBSCOhost</subfield><subfield code='9'>Available</subfield><subfield code='c'>EBSCOhost Academic eBook Collection (North America)</subfield><subfield code='h'>613640000000000029</subfield><subfield code='8'>53394442980003811</subfield></datafield><datafield ind1=' ' ind2=' ' tag='PRT'><subfield code='a'>53396309730003811</subfield><subfield code='b'>https://sandbox01-na.alma.exlibrisgroup.com/view/uresolver/01TULI_INST/openurl?u.ignore_date_coverage=true&amp;rft.mms_id=991036744196803811</subfield><subfield code='e'>EBSCOhost</subfield><subfield code='9'>Available</subfield><subfield code='c'>EBSCOhost eBook Community College Collection</subfield><subfield code='h'>613860000000000003</subfield><subfield code='8'>53396309730003811</subfield></datafield></record>