
<record xmlns='http://www.loc.gov/MARC21/slim'><leader>01162cam a22003610  4500</leader><controlfield tag='005'>20180618215618.0</controlfield><controlfield tag='008'>830804s1948    ilu           00000 eng  </controlfield><controlfield tag='001'>991011848319703811</controlfield><datafield ind1=' ' ind2=' ' tag='010'><subfield code='a'>48009231</subfield></datafield><datafield ind1=' ' ind2=' ' tag='035'><subfield code='a'>(PPT)b1241699x-01tuli_inst</subfield></datafield><datafield ind1=' ' ind2=' ' tag='035'><subfield code='a'>ocn471175123</subfield><subfield code='9'>ExL</subfield></datafield><datafield ind1=' ' ind2=' ' tag='035'><subfield code='a'>PATG83-B22948</subfield></datafield><datafield ind1=' ' ind2=' ' tag='035'><subfield code='a'>ocm02303865</subfield></datafield><datafield ind1=' ' ind2=' ' tag='035'><subfield code='a'>(OCLC)ocm02303865</subfield></datafield><datafield ind1=' ' ind2=' ' tag='040'><subfield code='a'>OKentU</subfield><subfield code='c'>OKentU</subfield><subfield code='d'>*OCL*</subfield><subfield code='d'>NNU</subfield><subfield code='d'>CStRLIN</subfield><subfield code='d'>PPT</subfield></datafield><datafield ind1=' ' ind2=' ' tag='079'><subfield code='a'>ocm02303865</subfield></datafield><datafield ind1=' ' ind2=' ' tag='090'><subfield code='a'>PS324.O3</subfield></datafield><datafield ind1='1' ind2='0' tag='100'><subfield code='a'>O&apos;Connor, William Van,</subfield><subfield code='d'>1915-1966.</subfield></datafield><datafield ind1='1' ind2='0' tag='245'><subfield code='a'>Sense and sensibility in modern poetry.</subfield></datafield><datafield ind1=' ' ind2=' ' tag='260'><subfield code='a'>Chicago,</subfield><subfield code='b'>Univ. of Chicago Press</subfield><subfield code='c'>[1948]</subfield></datafield><datafield ind1=' ' ind2=' ' tag='300'><subfield code='a'>xii, 278 p.</subfield><subfield code='c'>21 cm.</subfield></datafield><datafield ind1=' ' ind2=' ' tag='500'><subfield code='a'>Issued also as thesis, Columbia Univ.</subfield></datafield><datafield ind1=' ' ind2=' ' tag='500'><subfield code='a'>Bibliography: p. 265-270.</subfield></datafield><datafield ind1=' ' ind2='0' tag='650'><subfield code='a'>American poetry</subfield><subfield code='y'>20th century</subfield><subfield code='x'>History and criticism.</subfield></datafield><datafield ind1=' ' ind2='0' tag='650'><subfield code='a'>English poetry</subfield><subfield code='y'>20th century</subfield><subfield code='x'>History and criticism.</subfield></datafield><datafield ind1=' ' ind2=' ' tag='902'><subfield code='a'>120503</subfield></datafield><datafield ind1=' ' ind2=' ' tag='907'><subfield code='a'>.b1241699x</subfield><subfield code='b'>k    </subfield><subfield code='c'>-</subfield></datafield><datafield ind1=' ' ind2=' ' tag='935'><subfield code='a'>00257676</subfield></datafield><datafield ind1=' ' ind2=' ' tag='945'><subfield code='l'>kstk </subfield><subfield code='g'>1</subfield></datafield><datafield ind1=' ' ind2=' ' tag='950'><subfield code='l'>P</subfield></datafield><datafield ind1=' ' ind2=' ' tag='979'><subfield code='a'>ocm02303865</subfield></datafield><datafield ind1=' ' ind2=' ' tag='998'><subfield code='b'>1</subfield><subfield code='c'>990101</subfield><subfield code='d'>m</subfield><subfield code='e'>a</subfield><subfield code='f'>-</subfield><subfield code='g'>0</subfield></datafield><datafield ind1=' ' ind2=' ' tag='998'><subfield code='a'>10/28/83</subfield><subfield code='t'>c</subfield><subfield code='s'>9125</subfield><subfield code='n'>PPT</subfield><subfield code='w'>NYUG2303865B</subfield><subfield code='d'>08/04/83</subfield><subfield code='b'>XXX</subfield><subfield code='i'>831028</subfield><subfield code='h'>830804</subfield><subfield code='l'>PATG</subfield></datafield><datafield ind1=' ' ind2=' ' tag='ADM'><subfield code='b'>2018-06-19 01:56:18</subfield><subfield code='e'>b1241699x-01tuli_inst</subfield><subfield code='d'>ILS</subfield><subfield code='a'>2017-06-20 08:19:00</subfield><subfield code='c'>false</subfield></datafield><datafield ind1='0' ind2=' ' tag='HLD'><subfield code='b'>KARDON</subfield><subfield code='c'>p_remote</subfield><subfield code='h'>PS324.O3</subfield><subfield code='8'>22280393720003811</subfield></datafield><datafield ind1=' ' ind2=' ' tag='ITM'><subfield code='r'>22280393720003811</subfield><subfield code='b'>1</subfield><subfield code='h'>0</subfield><subfield code='g'>p_remote</subfield><subfield code='t'>BOOK</subfield><subfield code='9'>39074004025649</subfield><subfield code='e'>p_remote</subfield><subfield code='8'>23280393710003811</subfield><subfield code='a'>0</subfield><subfield code='q'>2017-06-20 08:19:00</subfield><subfield code='i'>PS324.O3</subfield><subfield code='d'>KARDON</subfield><subfield code='f'>KARDON</subfield></datafield></record>