
<record xmlns='http://www.loc.gov/MARC21/slim'><leader>01165nam a2200361 a 4500</leader><controlfield tag='005'>20170825192317.0</controlfield><controlfield tag='008'>910409s1991    enkac    b    00000 eng  </controlfield><controlfield tag='001'>991027584349703811</controlfield><datafield ind1=' ' ind2=' ' tag='010'><subfield code='a'>90039668</subfield></datafield><datafield ind1=' ' ind2=' ' tag='020'><subfield code='a'>0631166491 :</subfield><subfield code='c'>50.00</subfield></datafield><datafield ind1=' ' ind2=' ' tag='035'><subfield code='a'>(PPT)b15688665-01tuli_inst</subfield></datafield><datafield ind1=' ' ind2=' ' tag='035'><subfield code='a'>ocn472039389</subfield><subfield code='9'>ExL</subfield></datafield><datafield ind1=' ' ind2=' ' tag='035'><subfield code='a'>PATG91-B08003</subfield></datafield><datafield ind1=' ' ind2=' ' tag='035'><subfield code='a'>ocm21763554</subfield></datafield><datafield ind1=' ' ind2=' ' tag='035'><subfield code='a'>(OCLC)ocm21763554</subfield></datafield><datafield ind1=' ' ind2=' ' tag='040'><subfield code='a'>DLC</subfield><subfield code='c'>DLC</subfield><subfield code='d'>DLC</subfield><subfield code='d'>NBuU</subfield><subfield code='d'>PPT</subfield></datafield><datafield ind1=' ' ind2=' ' tag='079'><subfield code='a'>ocm21763554</subfield></datafield><datafield ind1=' ' ind2=' ' tag='090'><subfield code='a'>Q130.S327 1991</subfield></datafield><datafield ind1='0' ind2='0' tag='245'><subfield code='a'>Science and sensibility :</subfield><subfield code='b'>gender and scientific enquiry, 1780-1945 /</subfield><subfield code='c'>edited by Marina Benjamin.</subfield></datafield><datafield ind1=' ' ind2=' ' tag='260'><subfield code='a'>Oxford ;</subfield><subfield code='a'>Cambridge, MA :</subfield><subfield code='b'>B. Blackwell,</subfield><subfield code='c'>1991.</subfield></datafield><datafield ind1=' ' ind2=' ' tag='300'><subfield code='a'>x, 295 p. :</subfield><subfield code='b'>ill., ports. ;</subfield><subfield code='c'>24 cm.</subfield></datafield><datafield ind1=' ' ind2=' ' tag='504'><subfield code='a'>Includes bibliographical references and index.</subfield></datafield><datafield ind1=' ' ind2='0' tag='650'><subfield code='a'>Women in science.</subfield></datafield><datafield ind1='1' ind2='0' tag='700'><subfield code='a'>Benjamin, Marina.</subfield></datafield><datafield ind1=' ' ind2=' ' tag='902'><subfield code='a'>091207</subfield></datafield><datafield ind1=' ' ind2=' ' tag='907'><subfield code='a'>.b15688665</subfield><subfield code='b'>p    </subfield><subfield code='c'>-</subfield></datafield><datafield ind1=' ' ind2=' ' tag='935'><subfield code='a'>00622936</subfield></datafield><datafield ind1=' ' ind2=' ' tag='945'><subfield code='l'>pstk </subfield><subfield code='g'>1</subfield></datafield><datafield ind1=' ' ind2=' ' tag='950'><subfield code='l'>P</subfield><subfield code='i'>04/09/91 N</subfield></datafield><datafield ind1=' ' ind2=' ' tag='955'><subfield code='l'>P</subfield><subfield code='c'>0</subfield><subfield code='r'>39074007743685</subfield><subfield code='i'>04/09/91 C</subfield></datafield><datafield ind1=' ' ind2=' ' tag='979'><subfield code='a'>ocm21763554</subfield></datafield><datafield ind1=' ' ind2=' ' tag='998'><subfield code='b'>1</subfield><subfield code='c'>990101</subfield><subfield code='d'>m</subfield><subfield code='e'>a</subfield><subfield code='f'>-</subfield><subfield code='g'>0</subfield></datafield><datafield ind1=' ' ind2=' ' tag='998'><subfield code='a'>04/09/91</subfield><subfield code='t'>c</subfield><subfield code='s'>9110</subfield><subfield code='n'>PPT</subfield><subfield code='w'>NYBY91B6022</subfield><subfield code='d'>04/09/91</subfield><subfield code='b'>RF</subfield><subfield code='i'>910409</subfield><subfield code='l'>PATG</subfield></datafield><datafield ind1=' ' ind2=' ' tag='ADM'><subfield code='b'>2018-06-20 01:37:11</subfield><subfield code='e'>b15688665-01tuli_inst</subfield><subfield code='d'>ILS</subfield><subfield code='a'>2017-06-20 08:13:46</subfield><subfield code='c'>false</subfield></datafield><datafield ind1='0' ind2=' ' tag='HLD'><subfield code='b'>MAIN</subfield><subfield code='c'>stacks</subfield><subfield code='h'>Q130.S327 1991</subfield><subfield code='8'>22279291730003811</subfield></datafield><datafield ind1=' ' ind2=' ' tag='ITM'><subfield code='r'>22279291730003811</subfield><subfield code='b'>1</subfield><subfield code='h'>0</subfield><subfield code='g'>stacks</subfield><subfield code='t'>BOOK</subfield><subfield code='9'>39074007743685</subfield><subfield code='e'>stacks</subfield><subfield code='8'>23279291720003811</subfield><subfield code='a'>0</subfield><subfield code='q'>2017-06-20 08:13:46</subfield><subfield code='i'>Q130.S327 1991</subfield><subfield code='d'>MAIN</subfield><subfield code='f'>MAIN</subfield></datafield></record>