
<record xmlns='http://www.loc.gov/MARC21/slim'><leader>01171nam a2200373 a 4500</leader><controlfield tag='005'>20170826031457.0</controlfield><controlfield tag='008'>961111s1996    ii       b    001 0 eng  </controlfield><controlfield tag='001'>991036056849703811</controlfield><datafield ind1=' ' ind2=' ' tag='010'><subfield code='a'>96902103</subfield></datafield><datafield ind1=' ' ind2=' ' tag='020'><subfield code='a'>0195637968</subfield></datafield><datafield ind1=' ' ind2=' ' tag='035'><subfield code='a'>(PPT)b17512542-01tuli_inst</subfield></datafield><datafield ind1=' ' ind2=' ' tag='035'><subfield code='a'>(CStRLIN)ocn477504895</subfield><subfield code='9'>ExL</subfield></datafield><datafield ind1=' ' ind2=' ' tag='035'><subfield code='a'>PATG96-B41494</subfield></datafield><datafield ind1=' ' ind2=' ' tag='035'><subfield code='a'>ocm35151678</subfield></datafield><datafield ind1=' ' ind2=' ' tag='035'><subfield code='a'>(OCLC)ocm35151678</subfield></datafield><datafield ind1=' ' ind2=' ' tag='040'><subfield code='a'>DLC</subfield><subfield code='c'>DLC</subfield></datafield><datafield ind1=' ' ind2=' ' tag='042'><subfield code='a'>lcode</subfield></datafield><datafield ind1=' ' ind2=' ' tag='079'><subfield code='a'>ocm35151678</subfield></datafield><datafield ind1=' ' ind2=' ' tag='090'><subfield code='a'>PK1726.C552 1996</subfield></datafield><datafield ind1='1' ind2=' ' tag='100'><subfield code='a'>Chatterjee, Bhabatosh.</subfield></datafield><datafield ind1='1' ind2='0' tag='245'><subfield code='a'>Rabindranath Tagore and modern sensibility /</subfield><subfield code='c'>Bhabatosh Chatterjee.</subfield></datafield><datafield ind1=' ' ind2=' ' tag='260'><subfield code='a'>Delhi :</subfield><subfield code='b'>Oxford University Press,</subfield><subfield code='c'>1996.</subfield></datafield><datafield ind1=' ' ind2=' ' tag='300'><subfield code='a'>ix, 185 p. ;</subfield><subfield code='c'>22 cm.</subfield></datafield><datafield ind1=' ' ind2=' ' tag='504'><subfield code='a'>Includes bibliographical references and index.</subfield></datafield><datafield ind1='1' ind2='0' tag='600'><subfield code='a'>Tagore, Rabindranath,</subfield><subfield code='d'>1861-1941</subfield><subfield code='x'>Criticism and interpretation.</subfield></datafield><datafield ind1=' ' ind2=' ' tag='902'><subfield code='a'>131126</subfield></datafield><datafield ind1=' ' ind2=' ' tag='907'><subfield code='a'>.b17512542</subfield><subfield code='b'>p    </subfield><subfield code='c'>-</subfield></datafield><datafield ind1=' ' ind2=' ' tag='935'><subfield code='a'>00817598</subfield></datafield><datafield ind1=' ' ind2=' ' tag='945'><subfield code='l'>pstk </subfield><subfield code='g'>1</subfield></datafield><datafield ind1=' ' ind2=' ' tag='950'><subfield code='l'>P</subfield><subfield code='i'>11/11/96 N</subfield></datafield><datafield ind1=' ' ind2=' ' tag='955'><subfield code='l'>P</subfield><subfield code='c'>0</subfield><subfield code='r'>39074010989077</subfield><subfield code='i'>11/11/96 C</subfield></datafield><datafield ind1=' ' ind2=' ' tag='979'><subfield code='a'>ocm35151678</subfield></datafield><datafield ind1=' ' ind2=' ' tag='998'><subfield code='b'>1</subfield><subfield code='c'>990101</subfield><subfield code='d'>m</subfield><subfield code='e'>a</subfield><subfield code='f'>-</subfield><subfield code='g'>0</subfield></datafield><datafield ind1=' ' ind2=' ' tag='998'><subfield code='a'>11/11/96</subfield><subfield code='t'>c</subfield><subfield code='s'>9110</subfield><subfield code='l'>PATG</subfield><subfield code='n'>PPT</subfield><subfield code='w'>DCLC96902103B</subfield><subfield code='d'>11/11/96</subfield><subfield code='c'>MFK</subfield><subfield code='b'>MK</subfield></datafield><datafield ind1=' ' ind2=' ' tag='ADM'><subfield code='b'>2018-06-20 04:48:48</subfield><subfield code='e'>b17512542-01tuli_inst</subfield><subfield code='d'>ILS</subfield><subfield code='a'>2017-06-20 11:40:38</subfield><subfield code='c'>false</subfield></datafield><datafield ind1='0' ind2=' ' tag='HLD'><subfield code='b'>MAIN</subfield><subfield code='c'>stacks</subfield><subfield code='h'>PK1726.C552 1996</subfield><subfield code='8'>22312930570003811</subfield></datafield><datafield ind1=' ' ind2=' ' tag='ITM'><subfield code='r'>22312930570003811</subfield><subfield code='b'>1</subfield><subfield code='h'>0</subfield><subfield code='g'>stacks</subfield><subfield code='t'>BOOK</subfield><subfield code='9'>39074010989077</subfield><subfield code='e'>stacks</subfield><subfield code='8'>23312930560003811</subfield><subfield code='a'>0</subfield><subfield code='q'>2017-06-20 11:40:38</subfield><subfield code='i'>PK1726.C552 1996</subfield><subfield code='d'>MAIN</subfield><subfield code='f'>MAIN</subfield></datafield></record>