
<record xmlns='http://www.loc.gov/MARC21/slim'><leader>01173cam a2200349   4500</leader><controlfield tag='005'>20180618123740.0</controlfield><controlfield tag='008'>740410s1973    maua     b    00100 eng c</controlfield><controlfield tag='001'>991001570889703811</controlfield><datafield ind1=' ' ind2=' ' tag='035'><subfield code='a'>(PPT)b10347902-01tuli_inst</subfield></datafield><datafield ind1=' ' ind2=' ' tag='035'><subfield code='a'>PATG00853865B</subfield></datafield><datafield ind1=' ' ind2=' ' tag='040'><subfield code='a'>Tufts University Lib</subfield><subfield code='d'>CStRLIN</subfield><subfield code='d'>PPT</subfield></datafield><datafield ind1=' ' ind2=' ' tag='090'><subfield code='a'>Z7963.L5S4x 1973</subfield></datafield><datafield ind1='2' ind2='0' tag='110'><subfield code='a'>Sense and Sensibility Collective.</subfield></datafield><datafield ind1='1' ind2='0' tag='245'><subfield code='a'>Women and literature;</subfield><subfield code='b'>an annotated bibliography of women writers.</subfield></datafield><datafield ind1=' ' ind2=' ' tag='250'><subfield code='a'>2d ed., rev. and expanded</subfield></datafield><datafield ind1=' ' ind2=' ' tag='260'><subfield code='a'>[Cambridge, Mass.</subfield><subfield code='b'>The Collective,</subfield><subfield code='c'>1973?]</subfield></datafield><datafield ind1=' ' ind2=' ' tag='300'><subfield code='a'>58 p. :</subfield><subfield code='b'>ill. ;</subfield><subfield code='c'>24 cm.</subfield></datafield><datafield ind1=' ' ind2=' ' tag='500'><subfield code='a'>Cover title.</subfield></datafield><datafield ind1=' ' ind2=' ' tag='500'><subfield code='a'>Includes index.</subfield></datafield><datafield ind1=' ' ind2=' ' tag='500'><subfield code='a'>Paper wrappers, stapled.</subfield></datafield><datafield ind1=' ' ind2='0' tag='650'><subfield code='a'>Women in literature</subfield><subfield code='x'>Bibliography.</subfield></datafield><datafield ind1=' ' ind2='0' tag='650'><subfield code='a'>Women authors</subfield><subfield code='x'>Bibliography.</subfield></datafield><datafield ind1=' ' ind2=' ' tag='902'><subfield code='a'>130919</subfield></datafield><datafield ind1=' ' ind2=' ' tag='907'><subfield code='a'>.b10347902</subfield><subfield code='b'>s    </subfield><subfield code='c'>-</subfield></datafield><datafield ind1=' ' ind2=' ' tag='935'><subfield code='a'>00037026</subfield></datafield><datafield ind1=' ' ind2=' ' tag='945'><subfield code='l'>sccc </subfield><subfield code='g'>1</subfield></datafield><datafield ind1=' ' ind2=' ' tag='950'><subfield code='l'>CCC</subfield><subfield code='i'>08/30/90 N  215:SL</subfield></datafield><datafield ind1=' ' ind2=' ' tag='950'><subfield code='l'>PREF</subfield><subfield code='i'>08/30/90 N</subfield><subfield code='h'>01/01/01 N</subfield></datafield><datafield ind1=' ' ind2=' ' tag='955'><subfield code='l'>CCC</subfield><subfield code='c'>0</subfield><subfield code='r'>39074007447022</subfield><subfield code='i'>08/30/90 C</subfield></datafield><datafield ind1=' ' ind2=' ' tag='955'><subfield code='l'>PREF</subfield><subfield code='c'>0</subfield><subfield code='i'>08/30/90 C</subfield></datafield><datafield ind1=' ' ind2=' ' tag='998'><subfield code='b'>2</subfield><subfield code='c'>990101</subfield><subfield code='d'>m</subfield><subfield code='e'>a</subfield><subfield code='f'>-</subfield><subfield code='g'>0</subfield></datafield><datafield ind1=' ' ind2=' ' tag='998'><subfield code='a'>08/30/90</subfield><subfield code='t'>c</subfield><subfield code='s'>9115</subfield><subfield code='n'>PPT</subfield><subfield code='w'>FLUGAAG7031B</subfield><subfield code='d'>06/06/83</subfield><subfield code='c'>MW</subfield><subfield code='b'>AT</subfield><subfield code='i'>900830</subfield><subfield code='l'>PATG</subfield></datafield><datafield ind1=' ' ind2=' ' tag='ADM'><subfield code='b'>2018-06-18 16:37:40</subfield><subfield code='e'>b10347902-01tuli_inst</subfield><subfield code='d'>ILS</subfield><subfield code='a'>2017-06-20 12:42:33</subfield><subfield code='c'>false</subfield></datafield><datafield ind1='0' ind2=' ' tag='HLD'><subfield code='b'>SCRC</subfield><subfield code='c'>rarestacks</subfield><subfield code='h'>Z7963.L5S4x 1973</subfield><subfield code='8'>22320052040003811</subfield></datafield><datafield ind1=' ' ind2=' ' tag='ITM'><subfield code='r'>22320052040003811</subfield><subfield code='b'>1</subfield><subfield code='h'>0</subfield><subfield code='g'>rarestacks</subfield><subfield code='t'>BOOK</subfield><subfield code='9'>39074007447022</subfield><subfield code='e'>rarestacks</subfield><subfield code='8'>23320052030003811</subfield><subfield code='a'>4</subfield><subfield code='q'>2017-06-20 12:42:33</subfield><subfield code='i'>Z7963.L5S4x 1973</subfield><subfield code='d'>SCRC</subfield><subfield code='f'>SCRC</subfield></datafield></record>