
<record xmlns='http://www.loc.gov/MARC21/slim'><leader>01202cam a22003731  4500</leader><controlfield tag='005'>20180315202318.0</controlfield><controlfield tag='008'>740813s1966    ne       b    00010beng  </controlfield><controlfield tag='001'>991029019589703811</controlfield><datafield ind1=' ' ind2=' ' tag='010'><subfield code='a'>67000513 //r96</subfield></datafield><datafield ind1=' ' ind2=' ' tag='035'><subfield code='a'>(PPT)b25146920-01tuli_inst</subfield></datafield><datafield ind1=' ' ind2=' ' tag='035'><subfield code='a'>(DLC)ocn491030419</subfield><subfield code='9'>ExL</subfield></datafield><datafield ind1=' ' ind2=' ' tag='035'><subfield code='a'>   67000513 //r96</subfield></datafield><datafield ind1=' ' ind2=' ' tag='035'><subfield code='a'>ocm00810005</subfield></datafield><datafield ind1=' ' ind2=' ' tag='035'><subfield code='a'>(OCLC)ocm00810005</subfield></datafield><datafield ind1=' ' ind2=' ' tag='040'><subfield code='a'>DLC</subfield><subfield code='c'>DLC</subfield><subfield code='d'>DLC</subfield></datafield><datafield ind1=' ' ind2=' ' tag='079'><subfield code='a'>ocm00810005</subfield></datafield><datafield ind1=' ' ind2=' ' tag='090'><subfield code='a'>PQ1917.S3</subfield><subfield code='b'>Z59</subfield></datafield><datafield ind1='1' ind2=' ' tag='100'><subfield code='a'>Borton, Samuel L.</subfield></datafield><datafield ind1='1' ind2='0' tag='245'><subfield code='a'>Six modes of sensibility in Saint-Amant,</subfield><subfield code='c'>by Samuel L. Borton.</subfield></datafield><datafield ind1=' ' ind2=' ' tag='260'><subfield code='a'>The Hague,</subfield><subfield code='b'>Mouton,</subfield><subfield code='c'>1966.</subfield></datafield><datafield ind1=' ' ind2=' ' tag='300'><subfield code='a'>191 p.</subfield><subfield code='c'>21 cm.</subfield></datafield><datafield ind1='0' ind2=' ' tag='490'><subfield code='a'>Studies in French literature, 8</subfield></datafield><datafield ind1=' ' ind2=' ' tag='504'><subfield code='a'>Bibliography: p. [184]-187.</subfield></datafield><datafield ind1='1' ind2='0' tag='600'><subfield code='a'>Saint-Amant, Marc Antoine Gérard,</subfield><subfield code='c'>sieur de,</subfield><subfield code='d'>1594-1661</subfield><subfield code='x'>Criticism and interpretation.</subfield></datafield><datafield ind1=' ' ind2='0' tag='650'><subfield code='a'>Senses and sensation in literature.</subfield></datafield><datafield ind1=' ' ind2='0' tag='650'><subfield code='a'>Poetry</subfield><subfield code='x'>Psychological aspects.</subfield></datafield><datafield ind1=' ' ind2='0' tag='650'><subfield code='a'>Sentimentalism in literature.</subfield></datafield><datafield ind1=' ' ind2='0' tag='650'><subfield code='a'>Emotions in literature.</subfield></datafield><datafield ind1=' ' ind2=' ' tag='902'><subfield code='a'>MARCIVE RECON PROJECT</subfield></datafield><datafield ind1=' ' ind2=' ' tag='902'><subfield code='a'>PQ1917.S3</subfield><subfield code='b'>Z59</subfield></datafield><datafield ind1=' ' ind2=' ' tag='907'><subfield code='a'>.b25146920</subfield><subfield code='b'>k    </subfield><subfield code='c'>-</subfield></datafield><datafield ind1=' ' ind2=' ' tag='945'><subfield code='l'>kstk </subfield><subfield code='g'>1</subfield></datafield><datafield ind1=' ' ind2=' ' tag='979'><subfield code='a'>ocm00810005</subfield></datafield><datafield ind1=' ' ind2=' ' tag='998'><subfield code='b'>1</subfield><subfield code='c'>020720</subfield><subfield code='d'>m</subfield><subfield code='e'>a</subfield><subfield code='f'>-</subfield><subfield code='g'>0</subfield></datafield><datafield ind1=' ' ind2=' ' tag='ADM'><subfield code='b'>2018-06-20 01:55:30</subfield><subfield code='e'>b25146920-01tuli_inst</subfield><subfield code='d'>ILS</subfield><subfield code='a'>2017-06-20 13:55:49</subfield><subfield code='c'>false</subfield></datafield><datafield ind1='0' ind2=' ' tag='HLD'><subfield code='b'>KARDON</subfield><subfield code='c'>p_remote</subfield><subfield code='h'>PQ1917.S3</subfield><subfield code='i'>Z59</subfield><subfield code='8'>22328148520003811</subfield></datafield><datafield ind1=' ' ind2=' ' tag='ITM'><subfield code='r'>22328148520003811</subfield><subfield code='b'>1</subfield><subfield code='h'>0</subfield><subfield code='g'>p_remote</subfield><subfield code='t'>BOOK</subfield><subfield code='9'>39074012656260</subfield><subfield code='e'>p_remote</subfield><subfield code='8'>23328148510003811</subfield><subfield code='a'>0</subfield><subfield code='q'>2017-06-20 13:55:49</subfield><subfield code='i'>PQ1917.S3 Z59</subfield><subfield code='d'>KARDON</subfield><subfield code='f'>KARDON</subfield></datafield></record>