
<record xmlns='http://www.loc.gov/MARC21/slim'><leader>01206nam a22004090  4500</leader><controlfield tag='005'>20180619000916.0</controlfield><controlfield tag='008'>861027s1986    enk      b    00110 eng  </controlfield><controlfield tag='001'>991017717549703811</controlfield><datafield ind1=' ' ind2=' ' tag='010'><subfield code='a'>86005314</subfield></datafield><datafield ind1=' ' ind2=' ' tag='020'><subfield code='a'>0416377106</subfield></datafield><datafield ind1=' ' ind2=' ' tag='020'><subfield code='a'>0416377203 (pbk.)</subfield></datafield><datafield ind1=' ' ind2=' ' tag='035'><subfield code='a'>(PPT)b13605173-01tuli_inst</subfield></datafield><datafield ind1=' ' ind2=' ' tag='035'><subfield code='a'>ocn471342032</subfield><subfield code='9'>ExL</subfield></datafield><datafield ind1=' ' ind2=' ' tag='035'><subfield code='a'>PATG86-B25143</subfield></datafield><datafield ind1=' ' ind2=' ' tag='035'><subfield code='a'>ocm13358746</subfield></datafield><datafield ind1=' ' ind2=' ' tag='035'><subfield code='a'>(OCLC)ocm13358746</subfield></datafield><datafield ind1=' ' ind2=' ' tag='040'><subfield code='d'>CStRLIN</subfield><subfield code='d'>OkU</subfield></datafield><datafield ind1=' ' ind2=' ' tag='043'><subfield code='a'>e-uk---</subfield></datafield><datafield ind1=' ' ind2=' ' tag='079'><subfield code='a'>ocm13358746</subfield></datafield><datafield ind1=' ' ind2=' ' tag='090'><subfield code='a'>PR449.S4T63 1986</subfield></datafield><datafield ind1='1' ind2='0' tag='100'><subfield code='a'>Todd, Janet,</subfield><subfield code='d'>1942-</subfield></datafield><datafield ind1='1' ind2='0' tag='245'><subfield code='a'>Sensibility :</subfield><subfield code='b'>an introduction /</subfield><subfield code='c'>Janet Todd.</subfield></datafield><datafield ind1=' ' ind2=' ' tag='260'><subfield code='a'>London ;</subfield><subfield code='a'>New York :</subfield><subfield code='b'>Methuen,</subfield><subfield code='c'>1986.</subfield></datafield><datafield ind1=' ' ind2=' ' tag='300'><subfield code='a'>169 p. ;</subfield><subfield code='c'>23 cm.</subfield></datafield><datafield ind1=' ' ind2=' ' tag='500'><subfield code='a'>Includes index.</subfield></datafield><datafield ind1=' ' ind2=' ' tag='504'><subfield code='a'>Bibliography: p. [158]-161.</subfield></datafield><datafield ind1=' ' ind2='0' tag='650'><subfield code='a'>English literature</subfield><subfield code='y'>18th century</subfield><subfield code='x'>History and criticism.</subfield></datafield><datafield ind1=' ' ind2='0' tag='650'><subfield code='a'>Sentimentalism in literature.</subfield></datafield><datafield ind1=' ' ind2=' ' tag='902'><subfield code='a'>140523</subfield></datafield><datafield ind1=' ' ind2=' ' tag='907'><subfield code='a'>.b13605173</subfield><subfield code='b'>p    </subfield><subfield code='c'>-</subfield></datafield><datafield ind1=' ' ind2=' ' tag='935'><subfield code='a'>00383119</subfield></datafield><datafield ind1=' ' ind2=' ' tag='945'><subfield code='l'>pstk </subfield><subfield code='g'>1</subfield></datafield><datafield ind1=' ' ind2=' ' tag='950'><subfield code='l'>P</subfield><subfield code='i'>10/27/86 C</subfield></datafield><datafield ind1=' ' ind2=' ' tag='955'><subfield code='l'>P</subfield><subfield code='i'>10/27/86 C</subfield></datafield><datafield ind1=' ' ind2=' ' tag='979'><subfield code='a'>ocm13358746</subfield></datafield><datafield ind1=' ' ind2=' ' tag='998'><subfield code='b'>1</subfield><subfield code='c'>990101</subfield><subfield code='d'>m</subfield><subfield code='e'>a</subfield><subfield code='f'>-</subfield><subfield code='g'>0</subfield></datafield><datafield ind1=' ' ind2=' ' tag='998'><subfield code='a'>10/27/86</subfield><subfield code='t'>c</subfield><subfield code='s'>9110</subfield><subfield code='n'>PPT</subfield><subfield code='w'>OKUG86B16079</subfield><subfield code='d'>10/27/86</subfield><subfield code='b'>AJG</subfield><subfield code='i'>861027</subfield><subfield code='l'>PATG</subfield></datafield><datafield ind1=' ' ind2=' ' tag='ADM'><subfield code='b'>2018-06-19 04:09:16</subfield><subfield code='e'>b13605173-01tuli_inst</subfield><subfield code='d'>ILS</subfield><subfield code='a'>2017-06-20 06:21:44</subfield><subfield code='c'>false</subfield></datafield><datafield ind1='0' ind2=' ' tag='HLD'><subfield code='b'>MAIN</subfield><subfield code='c'>stacks</subfield><subfield code='h'>PR449.S4T63 1986</subfield><subfield code='8'>22246231300003811</subfield></datafield><datafield ind1=' ' ind2=' ' tag='ITM'><subfield code='r'>22246231300003811</subfield><subfield code='b'>1</subfield><subfield code='h'>0</subfield><subfield code='g'>stacks</subfield><subfield code='t'>BOOK</subfield><subfield code='9'>39074004395737</subfield><subfield code='e'>stacks</subfield><subfield code='8'>23246231290003811</subfield><subfield code='a'>0</subfield><subfield code='q'>2017-06-20 06:21:44</subfield><subfield code='i'>PR449.S4T63 1986</subfield><subfield code='d'>MAIN</subfield><subfield code='f'>MAIN</subfield></datafield></record>