
<record xmlns='http://www.loc.gov/MARC21/slim'><leader>01221nam a2200385 a 4500</leader><controlfield tag='005'>20170826004130.0</controlfield><controlfield tag='008'>930907s1992    nyu      b    001 0 eng  </controlfield><controlfield tag='001'>991031128649703811</controlfield><datafield ind1=' ' ind2=' ' tag='010'><subfield code='a'>92017361</subfield></datafield><datafield ind1=' ' ind2=' ' tag='020'><subfield code='a'>0312084242 (cloth)</subfield></datafield><datafield ind1=' ' ind2=' ' tag='020'><subfield code='a'>0312085990 (paper)</subfield></datafield><datafield ind1=' ' ind2=' ' tag='035'><subfield code='a'>(PPT)b16399894-01tuli_inst</subfield></datafield><datafield ind1=' ' ind2=' ' tag='035'><subfield code='a'>(CStRLIN)ocn476430104</subfield><subfield code='9'>ExL</subfield></datafield><datafield ind1=' ' ind2=' ' tag='035'><subfield code='a'>PATG93-B19851</subfield></datafield><datafield ind1=' ' ind2=' ' tag='035'><subfield code='a'>ocm25874182</subfield></datafield><datafield ind1=' ' ind2=' ' tag='035'><subfield code='a'>(OCLC)ocm25874182</subfield></datafield><datafield ind1=' ' ind2=' ' tag='040'><subfield code='a'>DLC</subfield><subfield code='c'>DLC</subfield><subfield code='d'>PPT</subfield></datafield><datafield ind1=' ' ind2=' ' tag='079'><subfield code='a'>ocm25874182</subfield></datafield><datafield ind1=' ' ind2=' ' tag='090'><subfield code='a'>PR4034.S43R86 1992</subfield></datafield><datafield ind1='1' ind2=' ' tag='100'><subfield code='a'>Ruoff, Gene W.</subfield></datafield><datafield ind1='1' ind2='0' tag='245'><subfield code='a'>Jane Austen&apos;s Sense and sensibility /</subfield><subfield code='c'>Gene W. Ruoff.</subfield></datafield><datafield ind1=' ' ind2=' ' tag='260'><subfield code='a'>New York :</subfield><subfield code='b'>St. Martin&apos;s,</subfield><subfield code='c'>c1992.</subfield></datafield><datafield ind1=' ' ind2=' ' tag='300'><subfield code='a'>xiii, 125 p. ;</subfield><subfield code='c'>20 cm.</subfield></datafield><datafield ind1=' ' ind2='0' tag='440'><subfield code='a'>Critical studies of key texts</subfield></datafield><datafield ind1=' ' ind2=' ' tag='504'><subfield code='a'>Includes bibliographical references (p. 115-121) and index.</subfield></datafield><datafield ind1='1' ind2='0' tag='600'><subfield code='a'>Austen, Jane,</subfield><subfield code='d'>1775-1817.</subfield><subfield code='t'>Sense and sensibility.</subfield></datafield><datafield ind1=' ' ind2=' ' tag='902'><subfield code='a'>120416</subfield></datafield><datafield ind1=' ' ind2=' ' tag='907'><subfield code='a'>.b16399894</subfield><subfield code='b'>p    </subfield><subfield code='c'>-</subfield></datafield><datafield ind1=' ' ind2=' ' tag='935'><subfield code='a'>00697984</subfield></datafield><datafield ind1=' ' ind2=' ' tag='945'><subfield code='l'>pstk </subfield><subfield code='g'>1</subfield></datafield><datafield ind1=' ' ind2=' ' tag='950'><subfield code='l'>P</subfield><subfield code='i'>09/07/93 N</subfield></datafield><datafield ind1=' ' ind2=' ' tag='955'><subfield code='l'>P</subfield><subfield code='c'>0</subfield><subfield code='r'>39074008336943</subfield><subfield code='i'>09/07/93 C</subfield></datafield><datafield ind1=' ' ind2=' ' tag='979'><subfield code='a'>ocm25874182</subfield></datafield><datafield ind1=' ' ind2=' ' tag='998'><subfield code='b'>1</subfield><subfield code='c'>990101</subfield><subfield code='d'>m</subfield><subfield code='e'>a</subfield><subfield code='f'>-</subfield><subfield code='g'>0</subfield></datafield><datafield ind1=' ' ind2=' ' tag='998'><subfield code='a'>09/07/93</subfield><subfield code='t'>c</subfield><subfield code='s'>9110</subfield><subfield code='n'>PPT</subfield><subfield code='w'>RIBG93B60</subfield><subfield code='d'>09/07/93</subfield><subfield code='c'>MFK</subfield><subfield code='b'>MK</subfield><subfield code='i'>930907</subfield><subfield code='l'>PATG</subfield></datafield><datafield ind1=' ' ind2=' ' tag='ADM'><subfield code='b'>2018-06-20 03:27:30</subfield><subfield code='e'>b16399894-01tuli_inst</subfield><subfield code='d'>ILS</subfield><subfield code='a'>2017-06-20 07:09:51</subfield><subfield code='c'>false</subfield></datafield><datafield ind1='0' ind2=' ' tag='HLD'><subfield code='b'>MAIN</subfield><subfield code='c'>stacks</subfield><subfield code='h'>PR4034.S43R86 1992</subfield><subfield code='8'>22262037430003811</subfield></datafield><datafield ind1=' ' ind2=' ' tag='ITM'><subfield code='r'>22262037430003811</subfield><subfield code='b'>1</subfield><subfield code='h'>0</subfield><subfield code='g'>stacks</subfield><subfield code='t'>BOOK</subfield><subfield code='9'>39074008336943</subfield><subfield code='e'>stacks</subfield><subfield code='8'>23262037390003811</subfield><subfield code='a'>0</subfield><subfield code='q'>2017-06-20 07:09:51</subfield><subfield code='i'>PR4034.S43R86 1992</subfield><subfield code='d'>MAIN</subfield><subfield code='f'>MAIN</subfield></datafield></record>