
<record xmlns='http://www.loc.gov/MARC21/slim'><leader>01224nam  2200325Ia 4500</leader><controlfield tag='001'>991036745304803811</controlfield><controlfield tag='005'>20170821173710.0</controlfield><controlfield tag='006'>m     o  d |      </controlfield><controlfield tag='007'>cr -n---------</controlfield><controlfield tag='008'>000421s2001    nyu     ob   s001 0 eng d</controlfield><datafield ind1=' ' ind2=' ' tag='010'><subfield code='z'>   00032227 </subfield></datafield><datafield ind1=' ' ind2=' ' tag='020'><subfield code='a'>0-7914-9087-4</subfield></datafield><datafield ind1=' ' ind2=' ' tag='035'><subfield code='a'>(CKB)2670000000233668</subfield></datafield><datafield ind1=' ' ind2=' ' tag='035'><subfield code='a'>(EBL)3407952</subfield></datafield><datafield ind1=' ' ind2=' ' tag='035'><subfield code='a'>(SSID)ssj0000676430</subfield></datafield><datafield ind1=' ' ind2=' ' tag='035'><subfield code='a'>(PQKBManifestationID)11460138</subfield></datafield><datafield ind1=' ' ind2=' ' tag='035'><subfield code='a'>(PQKBTitleCode)TC0000676430</subfield></datafield><datafield ind1=' ' ind2=' ' tag='035'><subfield code='a'>(PQKBWorkID)10678972</subfield></datafield><datafield ind1=' ' ind2=' ' tag='035'><subfield code='a'>(PQKB)10439280</subfield></datafield><datafield ind1=' ' ind2=' ' tag='035'><subfield code='a'>(MiAaPQ)EBC3407952</subfield></datafield><datafield ind1=' ' ind2=' ' tag='035'><subfield code='a'>(EXLCZ)992670000000233668</subfield></datafield><datafield ind1=' ' ind2=' ' tag='040'><subfield code='a'>MiAaPQ</subfield><subfield code='c'>MiAaPQ</subfield><subfield code='d'>MiAaPQ</subfield></datafield><datafield ind1=' ' ind2=' ' tag='041'><subfield code='a'>eng</subfield></datafield><datafield ind1=' ' ind2='4' tag='050'><subfield code='a'>B2430.L484</subfield><subfield code='b'>D73 2001</subfield></datafield><datafield ind1='0' ind2='0' tag='082'><subfield code='a'>194</subfield></datafield><datafield ind1='1' ind2=' ' tag='100'><subfield code='a'>Drabinski, John E.,</subfield><subfield code='d'>1968-</subfield></datafield><datafield ind1='1' ind2='0' tag='245'><subfield code='a'>Sensibility and singularity</subfield><subfield code='h'>[electronic resource] :</subfield><subfield code='b'>the problem of phenomenology in Levinas /</subfield><subfield code='c'>John E. Drabinski.</subfield></datafield><datafield ind1=' ' ind2=' ' tag='260'><subfield code='a'>Albany, NY :</subfield><subfield code='b'>State University of New York Press,</subfield><subfield code='c'>c2001.</subfield></datafield><datafield ind1=' ' ind2=' ' tag='300'><subfield code='a'>1 online resource (267 p.)</subfield></datafield><datafield ind1=' ' ind2=' ' tag='336'><subfield code='a'>text</subfield><subfield code='b'>txt</subfield></datafield><datafield ind1=' ' ind2=' ' tag='337'><subfield code='a'>computer</subfield><subfield code='b'>c</subfield></datafield><datafield ind1=' ' ind2=' ' tag='338'><subfield code='a'>online resource</subfield><subfield code='b'>cr</subfield></datafield><datafield ind1=' ' ind2='0' tag='440'><subfield code='a'>SUNY series in contemporary continental philosophy</subfield></datafield><datafield ind1='1' ind2=' ' tag='490'><subfield code='a'>SUNY Series in Contemporary Continental Philosophy</subfield></datafield><datafield ind1=' ' ind2=' ' tag='500'><subfield code='a'>Description based upon print version of record.</subfield></datafield><datafield ind1='0' ind2=' ' tag='505'><subfield code='a'>&quot;&quot;Sensibility and Singularity: The Problem of Phenomenology in Levinas&quot;&quot;; &quot;&quot;Contents&quot;&quot;; &quot;&quot;Acknowledgments&quot;&quot;; &quot;&quot;Abbreviations&quot;&quot;; &quot;&quot;Introduction&quot;&quot;; &quot;&quot;1. Unsuspected Horizons: On the Husserl Question&quot;&quot;; &quot;&quot;2. The Subject outside Itself: Transcendence and Materialityin the 1940s and 1950s&quot;&quot;; &quot;&quot;3. The Subject in Question: Relation and Sense in Totality and Infinity&quot;&quot;; &quot;&quot;4. Sensation, Trace, Enigma: Rethinking Sensibility in the 1960s&quot;&quot;; &quot;&quot;5. Impressions of Sense: Materiality in Otherwise than Being&quot;&quot;; &quot;&quot;Notes&quot;&quot;; &quot;&quot;Selected Bibliography&quot;&quot;; &quot;&quot;Index&quot;&quot;; &quot;&quot;A&quot;&quot;; &quot;&quot;B&quot;&quot;; &quot;&quot;C&quot;&quot;; &quot;&quot;S&quot;&quot;; &quot;&quot;T&quot;&quot;; &quot;&quot;U&quot;&quot;; &quot;&quot;V&quot;&quot;</subfield></datafield><datafield ind1='8' ind2=' ' tag='505'><subfield code='a'>&quot;&quot;W&quot;&quot;</subfield></datafield><datafield ind1=' ' ind2=' ' tag='546'><subfield code='a'>English</subfield></datafield><datafield ind1=' ' ind2=' ' tag='504'><subfield code='a'>Includes bibliographical references (p. 237-244) and index.</subfield></datafield><datafield ind1=' ' ind2='0' tag='650'><subfield code='a'>Phenomenology.</subfield></datafield><datafield ind1=' ' ind2='4' tag='655'><subfield code='a'>Electronic books.</subfield></datafield><datafield ind1='1' ind2='0' tag='600'><subfield code='a'>Lévinas, Emmanuel.</subfield></datafield><datafield ind1='1' ind2='0' tag='600'><subfield code='a'>Husserl, Edmund,</subfield><subfield code='d'>1859-1938</subfield><subfield code='x'>Influence.</subfield></datafield><datafield ind1=' ' ind2=' ' tag='776'><subfield code='z'>0-7914-4897-5</subfield></datafield><datafield ind1=' ' ind2='0' tag='830'><subfield code='a'>SUNY Series in Contemporary Continental Philosophy</subfield></datafield><datafield ind1=' ' ind2=' ' tag='906'><subfield code='a'>BOOK</subfield></datafield><datafield ind1=' ' ind2=' ' tag='ADM'><subfield code='b'>2018-04-19 00:31:39</subfield><subfield code='e'>992670000000233668</subfield><subfield code='d'>NON_SFX</subfield><subfield code='f'>20160803134623.0</subfield><subfield code='a'>2012-09-23 02:25:47</subfield><subfield code='c'>false</subfield></datafield><datafield ind1=' ' ind2=' ' tag='PRT'><subfield code='a'>53421492230003811</subfield><subfield code='b'>https://sandbox01-na.alma.exlibrisgroup.com/view/uresolver/01TULI_INST/openurl?u.ignore_date_coverage=true&amp;rft.mms_id=991036745304803811</subfield><subfield code='e'>Ebook Central</subfield><subfield code='9'>Available</subfield><subfield code='c'>Ebook Central Academic Complete</subfield><subfield code='h'>614200000000000002</subfield><subfield code='8'>53421492230003811</subfield></datafield><datafield ind1=' ' ind2=' ' tag='PRT'><subfield code='a'>53394866840003811</subfield><subfield code='b'>https://sandbox01-na.alma.exlibrisgroup.com/view/uresolver/01TULI_INST/openurl?u.ignore_date_coverage=true&amp;rft.mms_id=991036745304803811</subfield><subfield code='e'>EBSCOhost</subfield><subfield code='9'>Available</subfield><subfield code='c'>EBSCOhost Academic eBook Collection (North America)</subfield><subfield code='h'>613640000000000029</subfield><subfield code='8'>53394866840003811</subfield></datafield><datafield ind1=' ' ind2=' ' tag='PRT'><subfield code='a'>53406251930003811</subfield><subfield code='b'>https://sandbox01-na.alma.exlibrisgroup.com/view/uresolver/01TULI_INST/openurl?u.ignore_date_coverage=true&amp;rft.mms_id=991036745304803811</subfield><subfield code='e'>EBSCOhost</subfield><subfield code='9'>Available</subfield><subfield code='c'>EBSCOhost eBook History Collection - North America</subfield><subfield code='h'>613790000000001582</subfield><subfield code='8'>53406251930003811</subfield></datafield></record>