
<record xmlns='http://www.loc.gov/MARC21/slim'><leader>01240cam a22003730  4500</leader><controlfield tag='005'>20180618134053.0</controlfield><controlfield tag='008'>750613s1949    nyubcf        00001 eng  </controlfield><controlfield tag='001'>991002982939703811</controlfield><datafield ind1=' ' ind2=' ' tag='010'><subfield code='a'>49008186</subfield></datafield><datafield ind1=' ' ind2=' ' tag='035'><subfield code='a'>(PPT)b10632438-01tuli_inst</subfield></datafield><datafield ind1=' ' ind2=' ' tag='035'><subfield code='a'>ocn469253945</subfield><subfield code='9'>ExL</subfield></datafield><datafield ind1=' ' ind2=' ' tag='035'><subfield code='a'>PATG01391020B</subfield></datafield><datafield ind1=' ' ind2=' ' tag='035'><subfield code='a'>ocm01391020</subfield></datafield><datafield ind1=' ' ind2=' ' tag='035'><subfield code='a'>(OCLC)ocm01391020</subfield></datafield><datafield ind1=' ' ind2=' ' tag='040'><subfield code='a'>DLC</subfield><subfield code='c'>FO</subfield><subfield code='d'>*OCL*</subfield><subfield code='d'>PPT</subfield><subfield code='d'>CStRLIN</subfield></datafield><datafield ind1=' ' ind2=' ' tag='079'><subfield code='a'>ocm01391020</subfield></datafield><datafield ind1=' ' ind2=' ' tag='090'><subfield code='a'>PR4034.S45</subfield></datafield><datafield ind1='1' ind2=' ' tag='100'><subfield code='a'>Austen, Jane,</subfield><subfield code='d'>1775-1817.</subfield></datafield><datafield ind1='1' ind2='0' tag='245'><subfield code='a'>Sense and sensibility.</subfield><subfield code='c'>With illus. reproducing drawings for early editions and photos. of historical scenes together with an introductory biographical sketch of the author and anecdotal captions by Basil Davenport.</subfield></datafield><datafield ind1=' ' ind2=' ' tag='260'><subfield code='a'>New York,</subfield><subfield code='b'>Dodd, Mead,</subfield><subfield code='c'>1949.</subfield></datafield><datafield ind1=' ' ind2=' ' tag='300'><subfield code='a'>228 p.</subfield><subfield code='b'>plates, ports., maps.</subfield><subfield code='c'>22 cm.</subfield></datafield><datafield ind1=' ' ind2='0' tag='440'><subfield code='a'>Great illustrated classics</subfield></datafield><datafield ind1='1' ind2='0' tag='700'><subfield code='a'>Davenport, Basil,</subfield><subfield code='d'>1905-1966.</subfield></datafield><datafield ind1=' ' ind2=' ' tag='902'><subfield code='a'>131008</subfield></datafield><datafield ind1=' ' ind2=' ' tag='907'><subfield code='a'>.b10632438</subfield><subfield code='b'>a    </subfield><subfield code='c'>-</subfield></datafield><datafield ind1=' ' ind2=' ' tag='935'><subfield code='a'>00067442</subfield></datafield><datafield ind1=' ' ind2=' ' tag='945'><subfield code='l'>astk </subfield><subfield code='g'>1</subfield></datafield><datafield ind1=' ' ind2=' ' tag='950'><subfield code='l'>AMB</subfield><subfield code='x'>830</subfield><subfield code='i'>01/01/01 N</subfield></datafield><datafield ind1=' ' ind2=' ' tag='950'><subfield code='l'>P</subfield><subfield code='x'>1</subfield><subfield code='i'>01/01/01 N</subfield></datafield><datafield ind1=' ' ind2=' ' tag='955'><subfield code='l'>AMB</subfield><subfield code='c'>-</subfield><subfield code='u'>c=1 [509020]</subfield></datafield><datafield ind1=' ' ind2=' ' tag='955'><subfield code='l'>P</subfield><subfield code='c'>-</subfield><subfield code='u'>c=1 [257861]</subfield></datafield><datafield ind1=' ' ind2=' ' tag='979'><subfield code='a'>ocm01391020</subfield></datafield><datafield ind1=' ' ind2=' ' tag='998'><subfield code='b'>1</subfield><subfield code='c'>990101</subfield><subfield code='d'>m</subfield><subfield code='e'>a</subfield><subfield code='f'>-</subfield><subfield code='g'>0</subfield></datafield><datafield ind1=' ' ind2=' ' tag='998'><subfield code='n'>PPT</subfield><subfield code='s'>9665</subfield></datafield><datafield ind1=' ' ind2=' ' tag='ADM'><subfield code='b'>2018-06-18 17:40:53</subfield><subfield code='e'>b10632438-01tuli_inst</subfield><subfield code='d'>ILS</subfield><subfield code='a'>2017-06-20 05:52:03</subfield><subfield code='c'>false</subfield></datafield><datafield ind1='0' ind2=' ' tag='HLD'><subfield code='b'>AMBLER</subfield><subfield code='c'>stacks</subfield><subfield code='h'>PR4034.S45</subfield><subfield code='8'>22237346030003811</subfield></datafield><datafield ind1=' ' ind2=' ' tag='ITM'><subfield code='r'>22237346030003811</subfield><subfield code='b'>1</subfield><subfield code='h'>0</subfield><subfield code='g'>stacks</subfield><subfield code='t'>BOOK</subfield><subfield code='9'>39074005248430</subfield><subfield code='e'>stacks</subfield><subfield code='8'>23237346020003811</subfield><subfield code='a'>0</subfield><subfield code='q'>2017-06-20 05:52:03</subfield><subfield code='i'>PR4034.S45</subfield><subfield code='d'>AMBLER</subfield><subfield code='f'>AMBLER</subfield></datafield></record>