
<record xmlns='http://www.loc.gov/MARC21/slim'><leader>01247nam a22003970  4500</leader><controlfield tag='005'>20180618233413.0</controlfield><controlfield tag='008'>850409s1983    mdua     b    00110 eng  </controlfield><controlfield tag='001'>991014965109703811</controlfield><datafield ind1=' ' ind2=' ' tag='010'><subfield code='a'>83014580</subfield></datafield><datafield ind1=' ' ind2=' ' tag='020'><subfield code='a'>0819134570 (alk. paper) :</subfield><subfield code='c'>$19.50</subfield></datafield><datafield ind1=' ' ind2=' ' tag='020'><subfield code='a'>0819134589 (pbk. : alk. paper) :</subfield><subfield code='c'>$9.50</subfield></datafield><datafield ind1=' ' ind2=' ' tag='035'><subfield code='a'>(PPT)b13051957-01tuli_inst</subfield></datafield><datafield ind1=' ' ind2=' ' tag='035'><subfield code='a'>ocn471264309</subfield><subfield code='9'>ExL</subfield></datafield><datafield ind1=' ' ind2=' ' tag='035'><subfield code='a'>PATG85-B08715</subfield></datafield><datafield ind1=' ' ind2=' ' tag='035'><subfield code='a'>ocm09762427</subfield></datafield><datafield ind1=' ' ind2=' ' tag='035'><subfield code='a'>(OCLC)ocm09762427</subfield></datafield><datafield ind1=' ' ind2=' ' tag='040'><subfield code='d'>CStRLIN</subfield></datafield><datafield ind1=' ' ind2=' ' tag='079'><subfield code='a'>ocm09762427</subfield></datafield><datafield ind1=' ' ind2=' ' tag='090'><subfield code='a'>BH39.H48 1983</subfield></datafield><datafield ind1='1' ind2='0' tag='100'><subfield code='a'>Hester, Marcus B.</subfield></datafield><datafield ind1='1' ind2='0' tag='245'><subfield code='a'>Sensibility and criticism :</subfield><subfield code='b'>a study of the interrelation of verbal acts and visual acts /</subfield><subfield code='c'>Marcus B. Hester.</subfield></datafield><datafield ind1=' ' ind2=' ' tag='260'><subfield code='a'>Lanham, MD :</subfield><subfield code='b'>University Press of America,</subfield><subfield code='c'>c1983.</subfield></datafield><datafield ind1=' ' ind2=' ' tag='300'><subfield code='a'>x, 168 p. :</subfield><subfield code='b'>ill. ;</subfield><subfield code='c'>22 cm.</subfield></datafield><datafield ind1=' ' ind2=' ' tag='500'><subfield code='a'>Includes index.</subfield></datafield><datafield ind1=' ' ind2=' ' tag='504'><subfield code='a'>Bibliography: p. 161-165.</subfield></datafield><datafield ind1=' ' ind2='0' tag='650'><subfield code='a'>Aesthetics.</subfield></datafield><datafield ind1=' ' ind2='0' tag='650'><subfield code='a'>Visual perception.</subfield></datafield><datafield ind1=' ' ind2=' ' tag='902'><subfield code='a'>091201</subfield></datafield><datafield ind1=' ' ind2=' ' tag='907'><subfield code='a'>.b13051957</subfield><subfield code='b'>p    </subfield><subfield code='c'>-</subfield></datafield><datafield ind1=' ' ind2=' ' tag='935'><subfield code='a'>00324330</subfield></datafield><datafield ind1=' ' ind2=' ' tag='945'><subfield code='l'>pstk </subfield><subfield code='g'>1</subfield></datafield><datafield ind1=' ' ind2=' ' tag='950'><subfield code='l'>P</subfield><subfield code='i'>04/09/85 C</subfield></datafield><datafield ind1=' ' ind2=' ' tag='955'><subfield code='l'>P</subfield><subfield code='i'>04/09/85 C</subfield></datafield><datafield ind1=' ' ind2=' ' tag='979'><subfield code='a'>ocm09762427</subfield></datafield><datafield ind1=' ' ind2=' ' tag='998'><subfield code='b'>1</subfield><subfield code='c'>990101</subfield><subfield code='d'>m</subfield><subfield code='e'>a</subfield><subfield code='f'>-</subfield><subfield code='g'>0</subfield></datafield><datafield ind1=' ' ind2=' ' tag='998'><subfield code='a'>04/09/85</subfield><subfield code='t'>c</subfield><subfield code='s'>9110</subfield><subfield code='n'>PPT</subfield><subfield code='w'>DCLC8314580B</subfield><subfield code='d'>04/09/85</subfield><subfield code='b'>LMB</subfield><subfield code='i'>850409</subfield><subfield code='l'>PATG</subfield></datafield><datafield ind1=' ' ind2=' ' tag='ADM'><subfield code='b'>2018-06-19 03:34:13</subfield><subfield code='e'>b13051957-01tuli_inst</subfield><subfield code='d'>ILS</subfield><subfield code='a'>2017-06-20 06:47:01</subfield><subfield code='c'>false</subfield></datafield><datafield ind1='0' ind2=' ' tag='HLD'><subfield code='b'>MAIN</subfield><subfield code='c'>stacks</subfield><subfield code='h'>BH39.H48 1983</subfield><subfield code='8'>22254496060003811</subfield></datafield><datafield ind1=' ' ind2=' ' tag='ITM'><subfield code='r'>22254496060003811</subfield><subfield code='b'>1</subfield><subfield code='h'>0</subfield><subfield code='g'>stacks</subfield><subfield code='t'>BOOK</subfield><subfield code='9'>39074002181170</subfield><subfield code='e'>stacks</subfield><subfield code='8'>23254496050003811</subfield><subfield code='a'>0</subfield><subfield code='q'>2017-06-20 06:47:01</subfield><subfield code='i'>BH39.H48 1983</subfield><subfield code='d'>MAIN</subfield><subfield code='f'>MAIN</subfield></datafield></record>