
<record xmlns='http://www.loc.gov/MARC21/slim'><leader>01248nam a2200385 a 4500</leader><controlfield tag='005'>20170825174812.0</controlfield><controlfield tag='008'>950322c19631948nyu      b    00110 eng d</controlfield><controlfield tag='001'>991024078969703811</controlfield><datafield ind1=' ' ind2=' ' tag='010'><subfield code='a'>63015068</subfield></datafield><datafield ind1=' ' ind2=' ' tag='035'><subfield code='a'>(PPT)b14987363-01tuli_inst</subfield></datafield><datafield ind1=' ' ind2=' ' tag='035'><subfield code='a'>(CStRLIN)ocn471575348</subfield><subfield code='9'>ExL</subfield></datafield><datafield ind1=' ' ind2=' ' tag='035'><subfield code='a'>PATG95-B16833</subfield></datafield><datafield ind1=' ' ind2=' ' tag='035'><subfield code='a'>ocm00287609</subfield></datafield><datafield ind1=' ' ind2=' ' tag='035'><subfield code='a'>(OCLC)ocm00287609</subfield></datafield><datafield ind1=' ' ind2=' ' tag='040'><subfield code='a'>NIC</subfield><subfield code='c'>NIC</subfield><subfield code='d'>PPT</subfield></datafield><datafield ind1=' ' ind2=' ' tag='079'><subfield code='a'>ocm00287609</subfield></datafield><datafield ind1=' ' ind2=' ' tag='090'><subfield code='a'>PS324.O3 1963</subfield></datafield><datafield ind1='1' ind2=' ' tag='100'><subfield code='a'>O&apos;Connor, William Van,</subfield><subfield code='d'>1915-1966.</subfield></datafield><datafield ind1='1' ind2='0' tag='245'><subfield code='a'>Sense and sensibility in modern poetry /</subfield><subfield code='c'>by William Van O&apos;Connor.</subfield></datafield><datafield ind1=' ' ind2=' ' tag='260'><subfield code='a'>New York :</subfield><subfield code='b'>Barnes &amp; Noble,</subfield><subfield code='c'>1963, c1948.</subfield></datafield><datafield ind1=' ' ind2=' ' tag='300'><subfield code='a'>xii, 276 p. ;</subfield><subfield code='c'>21 cm.</subfield></datafield><datafield ind1=' ' ind2='0' tag='440'><subfield code='a'>University paperbacks ;</subfield><subfield code='v'>UP-44</subfield></datafield><datafield ind1=' ' ind2=' ' tag='500'><subfield code='a'>Includes index.</subfield></datafield><datafield ind1=' ' ind2=' ' tag='504'><subfield code='a'>Bibliography: p. 264-268.</subfield></datafield><datafield ind1=' ' ind2='0' tag='650'><subfield code='a'>American poetry</subfield><subfield code='y'>20th century</subfield><subfield code='x'>History and criticism.</subfield></datafield><datafield ind1=' ' ind2='0' tag='650'><subfield code='a'>English poetry</subfield><subfield code='y'>20th century</subfield><subfield code='x'>History and criticism.</subfield></datafield><datafield ind1=' ' ind2=' ' tag='902'><subfield code='a'>091203</subfield></datafield><datafield ind1=' ' ind2=' ' tag='907'><subfield code='a'>.b14987363</subfield><subfield code='b'>a    </subfield><subfield code='c'>-</subfield></datafield><datafield ind1=' ' ind2=' ' tag='935'><subfield code='a'>00538531</subfield></datafield><datafield ind1=' ' ind2=' ' tag='945'><subfield code='l'>astk </subfield><subfield code='g'>1</subfield></datafield><datafield ind1=' ' ind2=' ' tag='950'><subfield code='l'>AMB</subfield><subfield code='i'>03/22/95 N</subfield></datafield><datafield ind1=' ' ind2=' ' tag='955'><subfield code='l'>AMB</subfield><subfield code='c'>0</subfield><subfield code='i'>03/22/95 C</subfield></datafield><datafield ind1=' ' ind2=' ' tag='979'><subfield code='a'>ocm00287609</subfield></datafield><datafield ind1=' ' ind2=' ' tag='998'><subfield code='b'>1</subfield><subfield code='c'>990101</subfield><subfield code='d'>m</subfield><subfield code='e'>a</subfield><subfield code='f'>-</subfield><subfield code='g'>0</subfield></datafield><datafield ind1=' ' ind2=' ' tag='998'><subfield code='a'>03/22/95</subfield><subfield code='t'>c</subfield><subfield code='s'>9115</subfield><subfield code='l'>PATG</subfield><subfield code='n'>PPT</subfield><subfield code='w'>NYCXAHQ8966B</subfield><subfield code='d'>03/22/95</subfield><subfield code='c'>RM</subfield><subfield code='b'>RM</subfield><subfield code='i'>950322</subfield></datafield><datafield ind1=' ' ind2=' ' tag='ADM'><subfield code='b'>2018-06-19 19:41:33</subfield><subfield code='e'>b14987363-01tuli_inst</subfield><subfield code='d'>ILS</subfield><subfield code='a'>2017-06-20 05:58:07</subfield><subfield code='c'>false</subfield></datafield><datafield ind1='0' ind2=' ' tag='HLD'><subfield code='b'>AMBLER</subfield><subfield code='c'>stacks</subfield><subfield code='h'>PS324.O3 1963</subfield><subfield code='8'>22238552830003811</subfield></datafield><datafield ind1=' ' ind2=' ' tag='ITM'><subfield code='r'>22238552830003811</subfield><subfield code='b'>1</subfield><subfield code='h'>0</subfield><subfield code='g'>stacks</subfield><subfield code='t'>BOOK</subfield><subfield code='9'>39074003248523</subfield><subfield code='e'>stacks</subfield><subfield code='8'>23238552800003811</subfield><subfield code='a'>0</subfield><subfield code='q'>2017-06-20 05:58:07</subfield><subfield code='i'>PS324.O3 1963</subfield><subfield code='d'>AMBLER</subfield><subfield code='f'>AMBLER</subfield></datafield></record>