
<record xmlns='http://www.loc.gov/MARC21/slim'><leader>01251cam a22004214a 4500</leader><controlfield tag='005'>20170825225100.0</controlfield><controlfield tag='008'>020719s2004    enka     b    001 0 eng  </controlfield><controlfield tag='001'>991001026339703811</controlfield><datafield ind1=' ' ind2=' ' tag='010'><subfield code='a'>2002011554</subfield></datafield><datafield ind1=' ' ind2=' ' tag='020'><subfield code='a'>0195149947 (cloth : alk. paper)</subfield></datafield><datafield ind1=' ' ind2=' ' tag='035'><subfield code='a'>(PPT)b27229841-01tuli_inst</subfield></datafield><datafield ind1=' ' ind2=' ' tag='035'><subfield code='a'>(DLC)ocn490368578</subfield><subfield code='9'>ExL</subfield></datafield><datafield ind1=' ' ind2=' ' tag='035'><subfield code='a'>DLC  2002011554</subfield></datafield><datafield ind1=' ' ind2=' ' tag='035'><subfield code='a'>ocm50270340</subfield></datafield><datafield ind1=' ' ind2=' ' tag='035'><subfield code='a'>(OCLC)ocm50270340</subfield></datafield><datafield ind1=' ' ind2=' ' tag='040'><subfield code='a'>DLC</subfield><subfield code='c'>DLC</subfield><subfield code='d'>DLC</subfield></datafield><datafield ind1=' ' ind2=' ' tag='042'><subfield code='a'>pcc</subfield></datafield><datafield ind1=' ' ind2=' ' tag='079'><subfield code='a'>ocm50270340</subfield></datafield><datafield ind1=' ' ind2=' ' tag='090'><subfield code='a'>BF161</subfield><subfield code='b'>.S3512 2004</subfield></datafield><datafield ind1='1' ind2=' ' tag='100'><subfield code='a'>Schulkin, Jay.</subfield></datafield><datafield ind1='1' ind2='0' tag='245'><subfield code='a'>Bodily sensibility :</subfield><subfield code='b'>intelligent action /</subfield><subfield code='c'>Jay Schulkin.</subfield></datafield><datafield ind1=' ' ind2=' ' tag='260'><subfield code='a'>Oxford ; New York :</subfield><subfield code='b'>Oxford University Press,</subfield><subfield code='c'>c2004.</subfield></datafield><datafield ind1=' ' ind2=' ' tag='300'><subfield code='a'>190 p. :</subfield><subfield code='b'>ill. ;</subfield><subfield code='c'>25 cm.</subfield></datafield><datafield ind1=' ' ind2='0' tag='440'><subfield code='a'>Series in affective science.</subfield></datafield><datafield ind1=' ' ind2=' ' tag='504'><subfield code='a'>Includes bibliographical references (p. 137-177) and index.</subfield></datafield><datafield ind1=' ' ind2='0' tag='650'><subfield code='a'>Mind and body.</subfield></datafield><datafield ind1=' ' ind2='0' tag='650'><subfield code='a'>Cognition.</subfield></datafield><datafield ind1=' ' ind2='0' tag='650'><subfield code='a'>Human information processing.</subfield></datafield><datafield ind1=' ' ind2=' ' tag='901'><subfield code='a'>BNA</subfield></datafield><datafield ind1=' ' ind2=' ' tag='901'><subfield code='a'>R9436962</subfield></datafield><datafield ind1=' ' ind2=' ' tag='902'><subfield code='a'>110512</subfield></datafield><datafield ind1=' ' ind2=' ' tag='902'><subfield code='a'>040529AB0701</subfield></datafield><datafield ind1='0' ind2='0' tag='905'><subfield code='a'>Series in affective science</subfield></datafield><datafield ind1=' ' ind2=' ' tag='907'><subfield code='a'>.b27229841</subfield><subfield code='b'>p    </subfield><subfield code='c'>-</subfield></datafield><datafield ind1=' ' ind2=' ' tag='945'><subfield code='l'>pstk </subfield><subfield code='g'>1</subfield></datafield><datafield ind1=' ' ind2=' ' tag='979'><subfield code='a'>ocm50270340</subfield></datafield><datafield ind1=' ' ind2=' ' tag='998'><subfield code='b'>1</subfield><subfield code='c'>040716</subfield><subfield code='d'>m</subfield><subfield code='e'>a</subfield><subfield code='f'>-</subfield><subfield code='g'>0</subfield></datafield><datafield ind1=' ' ind2=' ' tag='998'><subfield code='b'>1</subfield><subfield code='c'>040716</subfield><subfield code='d'>m</subfield><subfield code='e'>a</subfield><subfield code='f'>-</subfield><subfield code='g'>0</subfield></datafield><datafield ind1=' ' ind2=' ' tag='ADM'><subfield code='b'>2018-06-18 16:22:16</subfield><subfield code='e'>b27229841-01tuli_inst</subfield><subfield code='d'>ILS</subfield><subfield code='a'>2017-06-20 08:15:20</subfield><subfield code='c'>false</subfield></datafield><datafield ind1='0' ind2=' ' tag='HLD'><subfield code='b'>MAIN</subfield><subfield code='c'>stacks</subfield><subfield code='h'>BF161</subfield><subfield code='i'>.S3512 2004</subfield><subfield code='8'>22279617490003811</subfield></datafield><datafield ind1=' ' ind2=' ' tag='ITM'><subfield code='r'>22279617490003811</subfield><subfield code='b'>1</subfield><subfield code='h'>0</subfield><subfield code='g'>stacks</subfield><subfield code='t'>BOOK</subfield><subfield code='9'>39074016492555</subfield><subfield code='e'>stacks</subfield><subfield code='8'>23279617480003811</subfield><subfield code='a'>0</subfield><subfield code='q'>2017-06-20 08:15:20</subfield><subfield code='i'>BF161 .S3512 2004</subfield><subfield code='d'>MAIN</subfield><subfield code='f'>MAIN</subfield></datafield></record>