
<record xmlns='http://www.loc.gov/MARC21/slim'><leader>01267cam a2200385 a 4500</leader><controlfield tag='005'>20180315120702.0</controlfield><controlfield tag='008'>970826s1998    vau      b   s001 0 eng  </controlfield><controlfield tag='001'>991001989059703811</controlfield><datafield ind1=' ' ind2=' ' tag='010'><subfield code='a'>97034862</subfield></datafield><datafield ind1=' ' ind2=' ' tag='020'><subfield code='a'>0813918006 (alk. paper)</subfield></datafield><datafield ind1=' ' ind2=' ' tag='035'><subfield code='a'>(PPT)b18072677-01tuli_inst</subfield></datafield><datafield ind1=' ' ind2=' ' tag='035'><subfield code='a'>(DLC    )ocn482217638</subfield><subfield code='9'>ExL</subfield></datafield><datafield ind1=' ' ind2=' ' tag='035'><subfield code='a'>DLC   97034862</subfield></datafield><datafield ind1=' ' ind2=' ' tag='035'><subfield code='a'>ocm37573630</subfield></datafield><datafield ind1=' ' ind2=' ' tag='035'><subfield code='a'>(OCLC)ocm37573630</subfield></datafield><datafield ind1=' ' ind2=' ' tag='040'><subfield code='a'>DLC</subfield><subfield code='c'>DLC</subfield><subfield code='d'>DLC</subfield></datafield><datafield ind1=' ' ind2=' ' tag='043'><subfield code='a'>e-uk-en</subfield></datafield><datafield ind1=' ' ind2=' ' tag='079'><subfield code='a'>ocm37573630</subfield></datafield><datafield ind1=' ' ind2=' ' tag='090'><subfield code='a'>PR4034.S43P47 1998</subfield></datafield><datafield ind1='1' ind2=' ' tag='100'><subfield code='a'>Perkins, Moreland,</subfield><subfield code='d'>1927-</subfield></datafield><datafield ind1='1' ind2='0' tag='245'><subfield code='a'>Reshaping the sexes in Sense and sensibility /</subfield><subfield code='c'>Moreland Perkins.</subfield></datafield><datafield ind1=' ' ind2=' ' tag='260'><subfield code='a'>Charlottesville :</subfield><subfield code='b'>University Press of Virginia,</subfield><subfield code='c'>1998.</subfield></datafield><datafield ind1=' ' ind2=' ' tag='300'><subfield code='a'>208 p. ;</subfield><subfield code='c'>23 cm.</subfield></datafield><datafield ind1=' ' ind2=' ' tag='504'><subfield code='a'>Includes bibliographical references and index.</subfield></datafield><datafield ind1='1' ind2='0' tag='600'><subfield code='a'>Austen, Jane,</subfield><subfield code='d'>1775-1817.</subfield><subfield code='t'>Sense and sensibility.</subfield></datafield><datafield ind1=' ' ind2='0' tag='650'><subfield code='a'>Women and literature</subfield><subfield code='z'>England</subfield><subfield code='x'>History</subfield><subfield code='y'>19th century.</subfield></datafield><datafield ind1=' ' ind2='0' tag='650'><subfield code='a'>Man-woman relationships in literature.</subfield></datafield><datafield ind1=' ' ind2='0' tag='650'><subfield code='a'>Women intellectuals in literature.</subfield></datafield><datafield ind1=' ' ind2='0' tag='650'><subfield code='a'>Sex role in literature.</subfield></datafield><datafield ind1=' ' ind2='0' tag='650'><subfield code='a'>Heroines in literature.</subfield></datafield><datafield ind1=' ' ind2=' ' tag='907'><subfield code='a'>.b18072677</subfield><subfield code='b'>p    </subfield><subfield code='c'>-</subfield></datafield><datafield ind1=' ' ind2=' ' tag='935'><subfield code='a'>00877823</subfield></datafield><datafield ind1=' ' ind2=' ' tag='945'><subfield code='l'>pstk </subfield><subfield code='g'>1</subfield></datafield><datafield ind1=' ' ind2=' ' tag='979'><subfield code='a'>ocm37573630</subfield></datafield><datafield ind1=' ' ind2=' ' tag='998'><subfield code='b'>1</subfield><subfield code='c'>990101</subfield><subfield code='d'>m</subfield><subfield code='e'>a</subfield><subfield code='f'>-</subfield><subfield code='g'>0</subfield></datafield><datafield ind1=' ' ind2=' ' tag='ADM'><subfield code='b'>2018-06-18 16:53:15</subfield><subfield code='e'>b18072677-01tuli_inst</subfield><subfield code='d'>ILS</subfield><subfield code='a'>2017-06-20 11:02:34</subfield><subfield code='c'>false</subfield></datafield><datafield ind1='0' ind2=' ' tag='HLD'><subfield code='b'>MAIN</subfield><subfield code='c'>stacks</subfield><subfield code='h'>PR4034.S43P47 1998</subfield><subfield code='8'>22308468360003811</subfield></datafield><datafield ind1=' ' ind2=' ' tag='ITM'><subfield code='r'>22308468360003811</subfield><subfield code='b'>1</subfield><subfield code='h'>0</subfield><subfield code='g'>stacks</subfield><subfield code='t'>BOOK</subfield><subfield code='9'>39074011164746</subfield><subfield code='e'>stacks</subfield><subfield code='8'>23308468350003811</subfield><subfield code='a'>0</subfield><subfield code='q'>2017-06-20 11:02:34</subfield><subfield code='i'>PR4034.S43P47 1998</subfield><subfield code='d'>MAIN</subfield><subfield code='f'>MAIN</subfield></datafield></record>