
<record xmlns='http://www.loc.gov/MARC21/slim'><leader>01285nam a22004451  4500</leader><controlfield tag='005'>20170825165521.0</controlfield><controlfield tag='008'>951027s1961    nyua          00000 eng  </controlfield><controlfield tag='001'>991020657179703811</controlfield><datafield ind1=' ' ind2=' ' tag='010'><subfield code='a'>61012869 /L/r84</subfield></datafield><datafield ind1=' ' ind2=' ' tag='035'><subfield code='a'>(PPT)b14248311-01tuli_inst</subfield></datafield><datafield ind1=' ' ind2=' ' tag='035'><subfield code='a'>(CStRLIN)ocn471416108</subfield><subfield code='9'>ExL</subfield></datafield><datafield ind1=' ' ind2=' ' tag='035'><subfield code='a'>PATG95-B66739</subfield></datafield><datafield ind1=' ' ind2=' ' tag='035'><subfield code='a'>ocm00649765</subfield></datafield><datafield ind1=' ' ind2=' ' tag='035'><subfield code='a'>(OCLC)ocm00649765</subfield></datafield><datafield ind1=' ' ind2=' ' tag='040'><subfield code='a'>DLC/ICU</subfield><subfield code='c'>ICU</subfield><subfield code='d'>PPT</subfield></datafield><datafield ind1=' ' ind2=' ' tag='079'><subfield code='a'>ocm00649765</subfield></datafield><datafield ind1=' ' ind2=' ' tag='090'><subfield code='a'>Q125.N48</subfield></datafield><datafield ind1='1' ind2=' ' tag='100'><subfield code='a'>Newman, James R.</subfield><subfield code='q'>(James Roy),</subfield><subfield code='d'>1907-1966.</subfield></datafield><datafield ind1='1' ind2='0' tag='245'><subfield code='a'>Science and sensibility.</subfield></datafield><datafield ind1=' ' ind2=' ' tag='260'><subfield code='a'>New York,</subfield><subfield code='b'>Simon and Schuster,</subfield><subfield code='c'>1961.</subfield></datafield><datafield ind1=' ' ind2=' ' tag='300'><subfield code='a'>2 v.</subfield><subfield code='b'>illus.</subfield><subfield code='c'>23 cm.</subfield></datafield><datafield ind1=' ' ind2='0' tag='650'><subfield code='a'>Science</subfield><subfield code='x'>History.</subfield></datafield><datafield ind1=' ' ind2='0' tag='650'><subfield code='a'>Scientists.</subfield></datafield><datafield ind1=' ' ind2='0' tag='650'><subfield code='a'>Philosophers.</subfield></datafield><datafield ind1=' ' ind2=' ' tag='902'><subfield code='a'>150522</subfield></datafield><datafield ind1=' ' ind2=' ' tag='907'><subfield code='a'>.b14248311</subfield><subfield code='b'>multi</subfield><subfield code='c'>-</subfield></datafield><datafield ind1=' ' ind2=' ' tag='935'><subfield code='a'>00458263</subfield></datafield><datafield ind1=' ' ind2=' ' tag='945'><subfield code='l'>astk </subfield><subfield code='u'>v.v.1</subfield><subfield code='g'>1</subfield></datafield><datafield ind1=' ' ind2=' ' tag='945'><subfield code='l'>astk </subfield><subfield code='u'>v.v.2</subfield><subfield code='g'>1</subfield></datafield><datafield ind1=' ' ind2=' ' tag='945'><subfield code='l'>pstk </subfield><subfield code='u'>v.v.1</subfield><subfield code='g'>1</subfield></datafield><datafield ind1=' ' ind2=' ' tag='945'><subfield code='l'>pstk </subfield><subfield code='u'>v.v.2</subfield><subfield code='g'>1</subfield></datafield><datafield ind1=' ' ind2=' ' tag='950'><subfield code='l'>P</subfield><subfield code='i'>10/27/95 N</subfield></datafield><datafield ind1=' ' ind2=' ' tag='950'><subfield code='l'>AMB</subfield><subfield code='i'>10/27/95 N</subfield></datafield><datafield ind1=' ' ind2=' ' tag='955'><subfield code='l'>P</subfield><subfield code='c'>0:v.1</subfield><subfield code='i'>10/27/95 C</subfield></datafield><datafield ind1=' ' ind2=' ' tag='955'><subfield code='l'>P</subfield><subfield code='c'>0:v.2</subfield><subfield code='i'>10/27/95 C</subfield></datafield><datafield ind1=' ' ind2=' ' tag='955'><subfield code='l'>AMB</subfield><subfield code='c'>0:v.1</subfield><subfield code='i'>10/27/95 C</subfield></datafield><datafield ind1=' ' ind2=' ' tag='955'><subfield code='l'>AMB</subfield><subfield code='c'>0:v.2</subfield><subfield code='i'>10/27/95 C</subfield></datafield><datafield ind1=' ' ind2=' ' tag='979'><subfield code='a'>ocm00649765</subfield></datafield><datafield ind1=' ' ind2=' ' tag='998'><subfield code='b'>4</subfield><subfield code='c'>990101</subfield><subfield code='d'>m</subfield><subfield code='e'>a</subfield><subfield code='f'>-</subfield><subfield code='g'>0</subfield></datafield><datafield ind1=' ' ind2=' ' tag='998'><subfield code='a'>10/27/95</subfield><subfield code='t'>c</subfield><subfield code='s'>9120</subfield><subfield code='l'>PATG</subfield><subfield code='n'>PPT</subfield><subfield code='w'>DCLC6112869B</subfield><subfield code='d'>10/27/95</subfield><subfield code='b'>MH</subfield></datafield><datafield ind1=' ' ind2=' ' tag='ADM'><subfield code='b'>2018-06-18 14:40:37</subfield><subfield code='e'>b14248311-01tuli_inst</subfield><subfield code='d'>ILS</subfield><subfield code='a'>2017-06-20 07:58:27</subfield><subfield code='c'>false</subfield></datafield><datafield ind1='0' ind2=' ' tag='HLD'><subfield code='b'>AMBLER</subfield><subfield code='c'>stacks</subfield><subfield code='h'>Q125.N48</subfield><subfield code='8'>22275477430003811</subfield></datafield><datafield ind1='0' ind2=' ' tag='HLD'><subfield code='b'>MAIN</subfield><subfield code='c'>stacks</subfield><subfield code='h'>Q125.N48</subfield><subfield code='8'>22275477460003811</subfield></datafield><datafield ind1=' ' ind2=' ' tag='ITM'><subfield code='r'>22275477460003811</subfield><subfield code='b'>1</subfield><subfield code='h'>0</subfield><subfield code='g'>stacks</subfield><subfield code='t'>BOOK</subfield><subfield code='9'>39074003728656</subfield><subfield code='e'>stacks</subfield><subfield code='8'>23275477440003811</subfield><subfield code='c'>v.2</subfield><subfield code='a'>0</subfield><subfield code='q'>2017-06-20 07:58:27</subfield><subfield code='i'>Q125.N48</subfield><subfield code='d'>MAIN</subfield><subfield code='f'>MAIN</subfield></datafield><datafield ind1=' ' ind2=' ' tag='ITM'><subfield code='r'>22275477430003811</subfield><subfield code='b'>1</subfield><subfield code='h'>0</subfield><subfield code='g'>stacks</subfield><subfield code='t'>BOOK</subfield><subfield code='9'>39074003190303</subfield><subfield code='e'>stacks</subfield><subfield code='8'>23275477420003811</subfield><subfield code='c'>v.1</subfield><subfield code='a'>0</subfield><subfield code='q'>2017-06-20 07:58:27</subfield><subfield code='i'>Q125.N48</subfield><subfield code='d'>AMBLER</subfield><subfield code='f'>AMBLER</subfield></datafield><datafield ind1=' ' ind2=' ' tag='ITM'><subfield code='r'>22275477460003811</subfield><subfield code='b'>1</subfield><subfield code='h'>0</subfield><subfield code='g'>stacks</subfield><subfield code='t'>BOOK</subfield><subfield code='9'>39074003729746</subfield><subfield code='e'>stacks</subfield><subfield code='8'>23275477450003811</subfield><subfield code='c'>v.1</subfield><subfield code='a'>0</subfield><subfield code='q'>2017-06-20 07:58:27</subfield><subfield code='i'>Q125.N48</subfield><subfield code='d'>MAIN</subfield><subfield code='f'>MAIN</subfield></datafield><datafield ind1=' ' ind2=' ' tag='ITM'><subfield code='r'>22275477430003811</subfield><subfield code='b'>1</subfield><subfield code='h'>0</subfield><subfield code='g'>stacks</subfield><subfield code='t'>BOOK</subfield><subfield code='9'>39074003190352</subfield><subfield code='e'>stacks</subfield><subfield code='8'>23275477410003811</subfield><subfield code='c'>v.2</subfield><subfield code='a'>0</subfield><subfield code='q'>2017-06-20 07:58:27</subfield><subfield code='i'>Q125.N48</subfield><subfield code='d'>AMBLER</subfield><subfield code='f'>AMBLER</subfield></datafield></record>