
<record xmlns='http://www.loc.gov/MARC21/slim'><leader>01293nam a2200385 a 4500</leader><controlfield tag='005'>20170826032125.0</controlfield><controlfield tag='008'>970411s1995    enka          000 0 eng d</controlfield><controlfield tag='001'>991000346249703811</controlfield><datafield ind1=' ' ind2=' ' tag='020'><subfield code='a'>0747524084</subfield></datafield><datafield ind1=' ' ind2=' ' tag='035'><subfield code='a'>(PPT)b17739524-01tuli_inst</subfield></datafield><datafield ind1=' ' ind2=' ' tag='035'><subfield code='a'>(CStRLIN)ocn478575080</subfield><subfield code='9'>ExL</subfield></datafield><datafield ind1=' ' ind2=' ' tag='035'><subfield code='a'>PATG97-B11676</subfield></datafield><datafield ind1=' ' ind2=' ' tag='035'><subfield code='a'>ocn222815783</subfield></datafield><datafield ind1=' ' ind2=' ' tag='035'><subfield code='a'>(OCLC)ocn222815783</subfield></datafield><datafield ind1=' ' ind2=' ' tag='040'><subfield code='a'>NOC</subfield><subfield code='c'>NOC</subfield><subfield code='d'>IaU</subfield><subfield code='d'>PPT</subfield></datafield><datafield ind1=' ' ind2=' ' tag='079'><subfield code='a'>ocn222815783</subfield></datafield><datafield ind1=' ' ind2=' ' tag='090'><subfield code='a'>PN1997.S36183T465x 1995</subfield></datafield><datafield ind1='1' ind2=' ' tag='100'><subfield code='a'>Thompson, Emma.</subfield></datafield><datafield ind1='1' ind2='0' tag='245'><subfield code='a'>Jane Austen&apos;s Sense &amp; sensibility :</subfield><subfield code='b'>the screenplay &amp; diaries /</subfield><subfield code='c'>by Emma Thompson ; with photographs by Clive Coote.</subfield></datafield><datafield ind1='3' ind2=' ' tag='246'><subfield code='a'>Jane Austen&apos;s Sense and sensibility</subfield></datafield><datafield ind1='3' ind2='0' tag='246'><subfield code='a'>Sense &amp; sensibility</subfield></datafield><datafield ind1='3' ind2=' ' tag='246'><subfield code='a'>Sense and sensibility</subfield></datafield><datafield ind1=' ' ind2=' ' tag='260'><subfield code='a'>London :</subfield><subfield code='b'>Bloomsbury,</subfield><subfield code='c'>1995.</subfield></datafield><datafield ind1=' ' ind2=' ' tag='300'><subfield code='a'>288 p. :</subfield><subfield code='b'>ill. (some col.) ;</subfield><subfield code='c'>22 cm.</subfield></datafield><datafield ind1='0' ind2='0' tag='630'><subfield code='a'>Sense and sensibility (Motion picture)</subfield></datafield><datafield ind1='1' ind2=' ' tag='700'><subfield code='a'>Austen, Jane,</subfield><subfield code='d'>1775-1817.</subfield><subfield code='t'>Sense and sensibility.</subfield></datafield><datafield ind1=' ' ind2=' ' tag='902'><subfield code='a'>100104</subfield></datafield><datafield ind1=' ' ind2=' ' tag='907'><subfield code='a'>.b17739524</subfield><subfield code='b'>p    </subfield><subfield code='c'>-</subfield></datafield><datafield ind1=' ' ind2=' ' tag='935'><subfield code='a'>00841713</subfield></datafield><datafield ind1=' ' ind2=' ' tag='945'><subfield code='l'>pstk </subfield><subfield code='g'>1</subfield></datafield><datafield ind1=' ' ind2=' ' tag='950'><subfield code='l'>P</subfield><subfield code='i'>04/11/97 N</subfield></datafield><datafield ind1=' ' ind2=' ' tag='955'><subfield code='l'>P</subfield><subfield code='c'>0</subfield><subfield code='r'>39074010679355</subfield><subfield code='i'>04/11/97 C</subfield></datafield><datafield ind1=' ' ind2=' ' tag='979'><subfield code='a'>ocn222815783</subfield></datafield><datafield ind1=' ' ind2=' ' tag='998'><subfield code='b'>1</subfield><subfield code='c'>990101</subfield><subfield code='d'>m</subfield><subfield code='e'>a</subfield><subfield code='f'>-</subfield><subfield code='g'>0</subfield></datafield><datafield ind1=' ' ind2=' ' tag='998'><subfield code='a'>04/11/97</subfield><subfield code='t'>c</subfield><subfield code='s'>9115</subfield><subfield code='l'>PATG</subfield><subfield code='n'>PPT</subfield><subfield code='w'>NYBGAET4520B</subfield><subfield code='d'>04/11/97</subfield><subfield code='c'>RM</subfield><subfield code='b'>DH</subfield></datafield><datafield ind1=' ' ind2=' ' tag='ADM'><subfield code='b'>2018-06-18 14:34:50</subfield><subfield code='e'>b17739524-01tuli_inst</subfield><subfield code='d'>ILS</subfield><subfield code='a'>2017-06-20 06:03:41</subfield><subfield code='c'>false</subfield></datafield><datafield ind1='0' ind2=' ' tag='HLD'><subfield code='b'>MAIN</subfield><subfield code='c'>stacks</subfield><subfield code='h'>PN1997.S36183T465x 1995</subfield><subfield code='8'>22240597750003811</subfield></datafield><datafield ind1=' ' ind2=' ' tag='ITM'><subfield code='r'>22240597750003811</subfield><subfield code='b'>1</subfield><subfield code='h'>0</subfield><subfield code='g'>stacks</subfield><subfield code='t'>BOOK</subfield><subfield code='9'>39074010679355</subfield><subfield code='e'>stacks</subfield><subfield code='8'>23240597740003811</subfield><subfield code='a'>0</subfield><subfield code='q'>2017-06-20 06:03:41</subfield><subfield code='i'>PN1997.S36183T465x 1995</subfield><subfield code='d'>MAIN</subfield><subfield code='f'>MAIN</subfield></datafield></record>