
<record xmlns='http://www.loc.gov/MARC21/slim'><leader>01298nam  2200313Ia 4500</leader><controlfield tag='001'>991036731752303811</controlfield><controlfield tag='005'>20170924235310.0</controlfield><controlfield tag='006'>m     o  d |      </controlfield><controlfield tag='007'>cr cn|||||||||</controlfield><controlfield tag='008'>050914s2006    pau     ob    001 0 eng d</controlfield><datafield ind1=' ' ind2=' ' tag='010'><subfield code='z'>  2005042376</subfield></datafield><datafield ind1=' ' ind2=' ' tag='020'><subfield code='a'>0-8122-0334-8</subfield></datafield><datafield ind1=' ' ind2=' ' tag='035'><subfield code='a'>(CKB)2670000000418247</subfield></datafield><datafield ind1=' ' ind2=' ' tag='035'><subfield code='a'>(OCoLC)859160894</subfield></datafield><datafield ind1=' ' ind2=' ' tag='035'><subfield code='a'>(CaPaEBR)ebrary10748519</subfield></datafield><datafield ind1=' ' ind2=' ' tag='035'><subfield code='a'>(SSID)ssj0001075707</subfield></datafield><datafield ind1=' ' ind2=' ' tag='035'><subfield code='a'>(PQKBManifestationID)11573682</subfield></datafield><datafield ind1=' ' ind2=' ' tag='035'><subfield code='a'>(PQKBTitleCode)TC0001075707</subfield></datafield><datafield ind1=' ' ind2=' ' tag='035'><subfield code='a'>(PQKBWorkID)11252422</subfield></datafield><datafield ind1=' ' ind2=' ' tag='035'><subfield code='a'>(PQKB)10728037</subfield></datafield><datafield ind1=' ' ind2=' ' tag='035'><subfield code='a'>(MiAaPQ)EBC3442130</subfield></datafield><datafield ind1=' ' ind2=' ' tag='035'><subfield code='a'>(EXLCZ)992670000000418247</subfield></datafield><datafield ind1=' ' ind2=' ' tag='040'><subfield code='a'>MiAaPQ</subfield><subfield code='c'>MiAaPQ</subfield><subfield code='d'>MiAaPQ</subfield></datafield><datafield ind1=' ' ind2=' ' tag='041'><subfield code='a'>eng</subfield></datafield><datafield ind1=' ' ind2='4' tag='050'><subfield code='a'>KD4112</subfield><subfield code='b'>.S55 2006</subfield></datafield><datafield ind1='0' ind2='4' tag='082'><subfield code='a'>342.4208/53</subfield><subfield code='2'>22</subfield></datafield><datafield ind1='1' ind2=' ' tag='100'><subfield code='a'>Shuger, Debora K.,</subfield><subfield code='d'>1953-</subfield></datafield><datafield ind1='1' ind2='0' tag='245'><subfield code='a'>Censorship and cultural sensibility</subfield><subfield code='h'>[electronic resource] :</subfield><subfield code='b'>the regulation of language in Tudor-Stuart England /</subfield><subfield code='c'>Debora Shuger.</subfield></datafield><datafield ind1=' ' ind2=' ' tag='260'><subfield code='a'>Philadelphia :</subfield><subfield code='b'>University of Pennsylvania Press,</subfield><subfield code='c'>c2006.</subfield></datafield><datafield ind1=' ' ind2=' ' tag='260'><subfield code='a'>Philadelphia :</subfield><subfield code='b'>University of Pennsylvania Press,</subfield><subfield code='c'>c2006.</subfield></datafield><datafield ind1=' ' ind2=' ' tag='300'><subfield code='a'>1 online resource (355 p.) </subfield></datafield><datafield ind1=' ' ind2=' ' tag='336'><subfield code='a'>text</subfield><subfield code='b'>txt</subfield></datafield><datafield ind1=' ' ind2=' ' tag='337'><subfield code='a'>computer</subfield><subfield code='b'>c</subfield></datafield><datafield ind1=' ' ind2=' ' tag='338'><subfield code='a'>online resource</subfield><subfield code='b'>cr</subfield></datafield><datafield ind1=' ' ind2=' ' tag='500'><subfield code='a'>Bibliographic Level Mode of Issuance: Monograph</subfield></datafield><datafield ind1=' ' ind2=' ' tag='546'><subfield code='a'>English</subfield></datafield><datafield ind1=' ' ind2=' ' tag='504'><subfield code='a'>Includes bibliographical references (p. [277]-335) and index.</subfield></datafield><datafield ind1=' ' ind2='0' tag='650'><subfield code='a'>Freedom of the press</subfield><subfield code='z'>England</subfield><subfield code='x'>History</subfield><subfield code='y'>16th century.</subfield></datafield><datafield ind1=' ' ind2='0' tag='650'><subfield code='a'>Freedom of the press</subfield><subfield code='z'>England</subfield><subfield code='x'>History</subfield><subfield code='y'>17th century.</subfield></datafield><datafield ind1=' ' ind2='0' tag='650'><subfield code='a'>Politeness (Linguistics)</subfield><subfield code='z'>England</subfield><subfield code='x'>History</subfield><subfield code='y'>16th century.</subfield></datafield><datafield ind1=' ' ind2='0' tag='650'><subfield code='a'>Politeness (Linguistics)</subfield><subfield code='z'>England</subfield><subfield code='x'>History</subfield><subfield code='y'>17th century.</subfield></datafield><datafield ind1=' ' ind2='4' tag='655'><subfield code='a'>Electronic books.</subfield></datafield><datafield ind1=' ' ind2=' ' tag='776'><subfield code='z'>1-322-51106-3</subfield></datafield><datafield ind1=' ' ind2=' ' tag='776'><subfield code='z'>0-8122-3917-2</subfield></datafield><datafield ind1=' ' ind2=' ' tag='906'><subfield code='a'>BOOK</subfield></datafield><datafield ind1=' ' ind2=' ' tag='ADM'><subfield code='b'>2018-04-26 19:24:09</subfield><subfield code='e'>992670000000418247</subfield><subfield code='d'>NON_SFX</subfield><subfield code='f'>20160803134623.0</subfield><subfield code='a'>2013-10-12 17:37:35</subfield><subfield code='c'>false</subfield></datafield><datafield ind1=' ' ind2=' ' tag='PRT'><subfield code='a'>53421626820003811</subfield><subfield code='b'>https://sandbox01-na.alma.exlibrisgroup.com/view/uresolver/01TULI_INST/openurl?u.ignore_date_coverage=true&amp;rft.mms_id=991036731752303811</subfield><subfield code='e'>Ebook Central</subfield><subfield code='9'>Available</subfield><subfield code='c'>Ebook Central Academic Complete</subfield><subfield code='h'>614200000000000002</subfield><subfield code='8'>53421626820003811</subfield></datafield><datafield ind1=' ' ind2=' ' tag='PRT'><subfield code='a'>53408550750003811</subfield><subfield code='b'>https://sandbox01-na.alma.exlibrisgroup.com/view/uresolver/01TULI_INST/openurl?u.ignore_date_coverage=true&amp;rft.mms_id=991036731752303811</subfield><subfield code='e'>JSTOR</subfield><subfield code='9'>Available</subfield><subfield code='c'>JSTOR Books EBA Pilot</subfield><subfield code='h'>613810000000000259</subfield><subfield code='8'>53408550750003811</subfield></datafield><datafield ind1=' ' ind2=' ' tag='PRT'><subfield code='a'>53425063750003811</subfield><subfield code='b'>https://sandbox01-na.alma.exlibrisgroup.com/view/uresolver/01TULI_INST/openurl?u.ignore_date_coverage=true&amp;rft.mms_id=991036731752303811</subfield><subfield code='e'>Ebook Central</subfield><subfield code='9'>Available</subfield><subfield code='c'>Ebook Central University Press</subfield><subfield code='h'>614330000000000093</subfield><subfield code='8'>53425063750003811</subfield></datafield></record>