
<record xmlns='http://www.loc.gov/MARC21/slim'><leader>01298nam a2200409   4500</leader><controlfield tag='005'>20170825214030.0</controlfield><controlfield tag='008'>950407s1950    nyu      b    000 1 eng  </controlfield><controlfield tag='001'>991023399179703811</controlfield><datafield ind1=' ' ind2=' ' tag='010'><subfield code='a'>50012233 //r943</subfield></datafield><datafield ind1=' ' ind2=' ' tag='035'><subfield code='a'>(PPT)b14839210-01tuli_inst</subfield></datafield><datafield ind1=' ' ind2=' ' tag='035'><subfield code='a'>(CStRLIN)ocn471487222</subfield><subfield code='9'>ExL</subfield></datafield><datafield ind1=' ' ind2=' ' tag='035'><subfield code='a'>PATG95-B21332</subfield></datafield><datafield ind1=' ' ind2=' ' tag='035'><subfield code='a'>ocm04442736</subfield></datafield><datafield ind1=' ' ind2=' ' tag='035'><subfield code='a'>(OCLC)ocm04442736</subfield></datafield><datafield ind1=' ' ind2=' ' tag='040'><subfield code='a'>DLC</subfield><subfield code='c'>MB</subfield><subfield code='d'>DLC</subfield><subfield code='d'>NjR</subfield><subfield code='d'>PPT</subfield></datafield><datafield ind1=' ' ind2=' ' tag='079'><subfield code='a'>ocm04442736</subfield></datafield><datafield ind1=' ' ind2=' ' tag='090'><subfield code='a'>PR4034.P9 1950</subfield></datafield><datafield ind1='1' ind2=' ' tag='100'><subfield code='a'>Austen, Jane,</subfield><subfield code='d'>1775-1817.</subfield></datafield><datafield ind1='1' ind2='0' tag='245'><subfield code='a'>Pride and prejudice [and] Sense and sensibility.</subfield><subfield code='c'>Introd. by David Daiches.</subfield></datafield><datafield ind1=' ' ind2=' ' tag='260'><subfield code='a'>New York,</subfield><subfield code='b'>Modern Library</subfield><subfield code='c'>[1950]</subfield></datafield><datafield ind1=' ' ind2=' ' tag='300'><subfield code='a'>xx, 632 p.</subfield><subfield code='c'>19 cm.</subfield></datafield><datafield ind1=' ' ind2=' ' tag='504'><subfield code='a'>Bibliography: p. xx.</subfield></datafield><datafield ind1=' ' ind2='0' tag='650'><subfield code='a'>Young women</subfield><subfield code='z'>England</subfield><subfield code='x'>Fiction.</subfield></datafield><datafield ind1=' ' ind2='0' tag='650'><subfield code='a'>Courtship</subfield><subfield code='z'>England</subfield><subfield code='x'>Fiction.</subfield></datafield><datafield ind1=' ' ind2='0' tag='650'><subfield code='a'>Romance fiction, English.</subfield></datafield><datafield ind1=' ' ind2='0' tag='651'><subfield code='a'>England</subfield><subfield code='x'>Social life and customs</subfield><subfield code='y'>19th century</subfield><subfield code='x'>Fiction.</subfield></datafield><datafield ind1=' ' ind2='1' tag='740'><subfield code='a'>Sense and sensibility.</subfield></datafield><datafield ind1=' ' ind2=' ' tag='902'><subfield code='a'>151120</subfield></datafield><datafield ind1=' ' ind2=' ' tag='907'><subfield code='a'>.b14839210</subfield><subfield code='b'>a    </subfield><subfield code='c'>-</subfield></datafield><datafield ind1=' ' ind2=' ' tag='935'><subfield code='a'>00522224</subfield></datafield><datafield ind1=' ' ind2=' ' tag='945'><subfield code='l'>astk </subfield><subfield code='g'>1</subfield></datafield><datafield ind1=' ' ind2=' ' tag='945'><subfield code='l'>astk </subfield><subfield code='g'>1</subfield></datafield><datafield ind1=' ' ind2=' ' tag='950'><subfield code='l'>AMB</subfield><subfield code='i'>04/07/95 N</subfield></datafield><datafield ind1=' ' ind2=' ' tag='955'><subfield code='l'>AMB</subfield><subfield code='c'>0</subfield><subfield code='i'>04/07/95 C</subfield></datafield><datafield ind1=' ' ind2=' ' tag='979'><subfield code='a'>ocm04442736</subfield></datafield><datafield ind1=' ' ind2=' ' tag='998'><subfield code='b'>2</subfield><subfield code='c'>990101</subfield><subfield code='d'>m</subfield><subfield code='e'>a</subfield><subfield code='f'>-</subfield><subfield code='g'>0</subfield></datafield><datafield ind1=' ' ind2=' ' tag='998'><subfield code='a'>04/07/95</subfield><subfield code='t'>c</subfield><subfield code='s'>9110</subfield><subfield code='l'>PATG</subfield><subfield code='n'>PPT</subfield><subfield code='w'>NJRG94B29274</subfield><subfield code='d'>04/07/95</subfield><subfield code='b'>DH</subfield><subfield code='i'>950407</subfield></datafield><datafield ind1=' ' ind2=' ' tag='ADM'><subfield code='b'>2018-06-19 19:32:33</subfield><subfield code='e'>b14839210-01tuli_inst</subfield><subfield code='d'>ILS</subfield><subfield code='a'>2017-06-20 06:15:00</subfield><subfield code='c'>false</subfield></datafield><datafield ind1='0' ind2=' ' tag='HLD'><subfield code='b'>AMBLER</subfield><subfield code='c'>stacks</subfield><subfield code='h'>PR4034.P9 1950</subfield><subfield code='8'>22244039060003811</subfield></datafield><datafield ind1=' ' ind2=' ' tag='ITM'><subfield code='r'>22244039060003811</subfield><subfield code='b'>1</subfield><subfield code='h'>0</subfield><subfield code='g'>stacks</subfield><subfield code='t'>BOOK</subfield><subfield code='9'>39074003171840</subfield><subfield code='e'>stacks</subfield><subfield code='8'>23244039050003811</subfield><subfield code='a'>0</subfield><subfield code='q'>2017-06-20 06:15:00</subfield><subfield code='i'>PR4034.P9 1950</subfield><subfield code='d'>AMBLER</subfield><subfield code='f'>AMBLER</subfield></datafield></record>