
<record xmlns='http://www.loc.gov/MARC21/slim'><leader>01299cam a2200421 a 4500</leader><controlfield tag='005'>20170825233852.0</controlfield><controlfield tag='008'>010508s2001    oncab    b    000 1 eng  </controlfield><controlfield tag='001'>991033094389703811</controlfield><datafield ind1=' ' ind2=' ' tag='010'><subfield code='a'>2001431148</subfield></datafield><datafield ind1=' ' ind2=' ' tag='020'><subfield code='a'>155111125X</subfield></datafield><datafield ind1=' ' ind2=' ' tag='035'><subfield code='a'>(PPT)b25998146-01tuli_inst</subfield></datafield><datafield ind1=' ' ind2=' ' tag='035'><subfield code='a'>(CStRLIN)ocn489442542</subfield><subfield code='9'>ExL</subfield></datafield><datafield ind1=' ' ind2=' ' tag='035'><subfield code='a'>PPTb25998146</subfield></datafield><datafield ind1=' ' ind2=' ' tag='035'><subfield code='a'>ocm46620584</subfield></datafield><datafield ind1=' ' ind2=' ' tag='035'><subfield code='a'>(OCLC)ocm46620584</subfield></datafield><datafield ind1=' ' ind2=' ' tag='040'><subfield code='a'>DLC</subfield><subfield code='c'>DLC</subfield><subfield code='d'>DLC</subfield></datafield><datafield ind1=' ' ind2=' ' tag='043'><subfield code='a'>e-uk-en</subfield></datafield><datafield ind1=' ' ind2=' ' tag='079'><subfield code='a'>ocm46620584</subfield></datafield><datafield ind1=' ' ind2=' ' tag='090'><subfield code='a'>PR4034</subfield><subfield code='b'>.S4 2001c</subfield></datafield><datafield ind1='1' ind2=' ' tag='100'><subfield code='a'>Austen, Jane,</subfield><subfield code='d'>1775-1817.</subfield></datafield><datafield ind1='1' ind2='0' tag='245'><subfield code='a'>Sense and sensibility /</subfield><subfield code='c'>Jane Austen ; edited by Kathleen James-Cavan.</subfield></datafield><datafield ind1=' ' ind2=' ' tag='260'><subfield code='a'>Peterborough, Ont. :</subfield><subfield code='b'>Broadview Press,</subfield><subfield code='c'>c2001.</subfield></datafield><datafield ind1=' ' ind2=' ' tag='300'><subfield code='a'>427 p. :</subfield><subfield code='b'>ill., map ;</subfield><subfield code='c'>22 cm.</subfield></datafield><datafield ind1=' ' ind2='0' tag='440'><subfield code='a'>Broadview literary texts.</subfield></datafield><datafield ind1=' ' ind2=' ' tag='504'><subfield code='a'>Includes bibliographical references (p. 423-427).</subfield></datafield><datafield ind1=' ' ind2='0' tag='655'><subfield code='a'>Domestic fiction.</subfield></datafield><datafield ind1=' ' ind2='7' tag='655'><subfield code='a'>Love stories.</subfield><subfield code='2'>gsafd.</subfield></datafield><datafield ind1=' ' ind2='0' tag='650'><subfield code='a'>Young women</subfield><subfield code='v'>Fiction.</subfield></datafield><datafield ind1=' ' ind2='0' tag='650'><subfield code='a'>Sisters</subfield><subfield code='v'>Fiction.</subfield></datafield><datafield ind1=' ' ind2='0' tag='651'><subfield code='a'>England</subfield><subfield code='v'>Fiction.</subfield></datafield><datafield ind1='1' ind2=' ' tag='700'><subfield code='a'>James-Cavan, Kathleen Viola,</subfield><subfield code='d'>1957-</subfield></datafield><datafield ind1=' ' ind2=' ' tag='902'><subfield code='a'>120601</subfield></datafield><datafield ind1=' ' ind2=' ' tag='907'><subfield code='a'>.b25998146</subfield><subfield code='b'>p    </subfield><subfield code='c'>-</subfield></datafield><datafield ind1=' ' ind2=' ' tag='945'><subfield code='l'>pstk </subfield><subfield code='g'>1</subfield></datafield><datafield ind1=' ' ind2=' ' tag='952'><subfield code='a'>DCLC2001431148B</subfield><subfield code='b'>Library of Congress</subfield></datafield><datafield ind1=' ' ind2=' ' tag='979'><subfield code='a'>ocm46620584</subfield></datafield><datafield ind1=' ' ind2=' ' tag='998'><subfield code='b'>1</subfield><subfield code='c'>030115</subfield><subfield code='d'>m</subfield><subfield code='e'>a</subfield><subfield code='f'>-</subfield><subfield code='g'>0</subfield></datafield><datafield ind1=' ' ind2=' ' tag='998'><subfield code='a'>01/15/03</subfield><subfield code='s'>LC</subfield><subfield code='c'>AT</subfield></datafield><datafield ind1=' ' ind2=' ' tag='ADM'><subfield code='b'>2018-06-20 03:51:46</subfield><subfield code='e'>b25998146-01tuli_inst</subfield><subfield code='d'>ILS</subfield><subfield code='a'>2017-06-20 07:56:56</subfield><subfield code='c'>false</subfield></datafield><datafield ind1='0' ind2=' ' tag='HLD'><subfield code='b'>MAIN</subfield><subfield code='c'>stacks</subfield><subfield code='h'>PR4034</subfield><subfield code='i'>.S4 2001c</subfield><subfield code='8'>22275057980003811</subfield></datafield><datafield ind1=' ' ind2=' ' tag='ITM'><subfield code='r'>22275057980003811</subfield><subfield code='b'>1</subfield><subfield code='h'>0</subfield><subfield code='g'>stacks</subfield><subfield code='t'>BOOK</subfield><subfield code='9'>39074015472624</subfield><subfield code='e'>stacks</subfield><subfield code='8'>23275057970003811</subfield><subfield code='a'>0</subfield><subfield code='q'>2017-06-20 07:56:56</subfield><subfield code='i'>PR4034 .S4 2001c</subfield><subfield code='d'>MAIN</subfield><subfield code='f'>MAIN</subfield></datafield></record>