
<record xmlns='http://www.loc.gov/MARC21/slim'><leader>01304cam a22003854a 4500</leader><controlfield tag='005'>20180315194049.0</controlfield><controlfield tag='008'>000421s2001    nyu      b   s001 0 eng  </controlfield><controlfield tag='001'>991025578579703811</controlfield><datafield ind1=' ' ind2=' ' tag='010'><subfield code='a'>00032227</subfield></datafield><datafield ind1=' ' ind2=' ' tag='020'><subfield code='a'>0791448975 (alk. paper)</subfield></datafield><datafield ind1=' ' ind2=' ' tag='020'><subfield code='a'>0791448983 (pbk. : alk. paper)</subfield></datafield><datafield ind1=' ' ind2=' ' tag='020'><subfield code='a'>0791448975 (alk. paper)</subfield></datafield><datafield ind1=' ' ind2=' ' tag='035'><subfield code='a'>(PPT)b24351088-01tuli_inst</subfield></datafield><datafield ind1=' ' ind2=' ' tag='035'><subfield code='a'>(DLC)ocn487162008</subfield><subfield code='9'>ExL</subfield></datafield><datafield ind1=' ' ind2=' ' tag='035'><subfield code='a'>DLC   00032227</subfield></datafield><datafield ind1=' ' ind2=' ' tag='035'><subfield code='a'>ocm43977844</subfield></datafield><datafield ind1=' ' ind2=' ' tag='035'><subfield code='a'>(OCLC)ocm43977844</subfield></datafield><datafield ind1=' ' ind2=' ' tag='040'><subfield code='a'>DLC</subfield><subfield code='c'>DLC</subfield><subfield code='d'>DLC</subfield></datafield><datafield ind1=' ' ind2=' ' tag='042'><subfield code='a'>pcc</subfield></datafield><datafield ind1=' ' ind2=' ' tag='079'><subfield code='a'>ocm43977844</subfield></datafield><datafield ind1=' ' ind2=' ' tag='090'><subfield code='a'>B2430.L484</subfield><subfield code='b'>D73 2001</subfield></datafield><datafield ind1='1' ind2=' ' tag='100'><subfield code='a'>Drabinski, John E.,</subfield><subfield code='d'>1968-</subfield></datafield><datafield ind1='1' ind2='0' tag='245'><subfield code='a'>Sensibility and singularity :</subfield><subfield code='b'>the problem of phenomenology in Levinas /</subfield><subfield code='c'>John E. Drabinski.</subfield></datafield><datafield ind1=' ' ind2=' ' tag='260'><subfield code='a'>Albany, NY :</subfield><subfield code='b'>State University of New York Press,</subfield><subfield code='c'>c2001.</subfield></datafield><datafield ind1=' ' ind2=' ' tag='300'><subfield code='a'>xvii, 249 p.</subfield><subfield code='c'>23 cm.</subfield></datafield><datafield ind1=' ' ind2='0' tag='440'><subfield code='a'>SUNY series in contemporary continental philosophy.</subfield></datafield><datafield ind1=' ' ind2=' ' tag='504'><subfield code='a'>Includes bibliographical references (p. 237-244) and index.</subfield></datafield><datafield ind1='1' ind2='0' tag='600'><subfield code='a'>Lévinas, Emmanuel.</subfield></datafield><datafield ind1='1' ind2='0' tag='600'><subfield code='a'>Husserl, Edmund,</subfield><subfield code='d'>1859-1938</subfield><subfield code='x'>Influence.</subfield></datafield><datafield ind1=' ' ind2=' ' tag='902'><subfield code='a'>010804AB0701</subfield></datafield><datafield ind1='0' ind2='0' tag='905'><subfield code='a'>SUNY Series in contemporary continental philosophy</subfield></datafield><datafield ind1=' ' ind2=' ' tag='907'><subfield code='a'>.b24351088</subfield><subfield code='b'>p    </subfield><subfield code='c'>-</subfield></datafield><datafield ind1=' ' ind2=' ' tag='945'><subfield code='l'>pstk </subfield><subfield code='g'>1</subfield></datafield><datafield ind1=' ' ind2=' ' tag='979'><subfield code='a'>ocm43977844</subfield></datafield><datafield ind1=' ' ind2=' ' tag='998'><subfield code='b'>1</subfield><subfield code='c'>010824</subfield><subfield code='d'>m</subfield><subfield code='e'>a</subfield><subfield code='f'>-</subfield><subfield code='g'>0</subfield></datafield><datafield ind1=' ' ind2=' ' tag='ADM'><subfield code='b'>2018-06-20 00:59:52</subfield><subfield code='e'>b24351088-01tuli_inst</subfield><subfield code='d'>ILS</subfield><subfield code='a'>2017-06-20 12:13:56</subfield><subfield code='c'>false</subfield></datafield><datafield ind1='0' ind2=' ' tag='HLD'><subfield code='b'>MAIN</subfield><subfield code='c'>stacks</subfield><subfield code='h'>B2430.L484</subfield><subfield code='i'>D73 2001</subfield><subfield code='8'>22316698220003811</subfield></datafield><datafield ind1=' ' ind2=' ' tag='ITM'><subfield code='r'>22316698220003811</subfield><subfield code='b'>1</subfield><subfield code='h'>0</subfield><subfield code='g'>stacks</subfield><subfield code='t'>BOOK</subfield><subfield code='9'>39074014713002</subfield><subfield code='e'>stacks</subfield><subfield code='8'>23316698210003811</subfield><subfield code='a'>0</subfield><subfield code='q'>2017-06-20 12:13:56</subfield><subfield code='i'>B2430.L484 D73 2001</subfield><subfield code='d'>MAIN</subfield><subfield code='f'>MAIN</subfield></datafield></record>