
<record xmlns='http://www.loc.gov/MARC21/slim'><leader>01304nam a22003618a 4500</leader><controlfield tag='005'>20180618225517.0</controlfield><controlfield tag='008'>060406s2006    pau      b    001 0 eng  </controlfield><controlfield tag='001'>991012414979703811</controlfield><datafield ind1=' ' ind2=' ' tag='010'><subfield code='a'>2005042376</subfield></datafield><datafield ind1=' ' ind2=' ' tag='020'><subfield code='a'>9780812239171</subfield></datafield><datafield ind1=' ' ind2=' ' tag='020'><subfield code='a'>0812239172 (cloth : alk. paper)</subfield></datafield><datafield ind1=' ' ind2=' ' tag='035'><subfield code='a'>(PPT)b3003971x-01tuli_inst</subfield></datafield><datafield ind1=' ' ind2=' ' tag='035'><subfield code='a'>PATL06-B1024</subfield></datafield><datafield ind1=' ' ind2=' ' tag='040'><subfield code='a'>DLC</subfield><subfield code='c'>DLC</subfield></datafield><datafield ind1=' ' ind2=' ' tag='043'><subfield code='a'>e-uk-en</subfield></datafield><datafield ind1=' ' ind2=' ' tag='090'><subfield code='a'>KD4112</subfield><subfield code='b'>.S55 2005</subfield></datafield><datafield ind1='1' ind2=' ' tag='100'><subfield code='a'>Shuger, Debora K.,</subfield><subfield code='d'>1953-</subfield></datafield><datafield ind1='1' ind2='0' tag='245'><subfield code='a'>Censorship and cultural sensibility :</subfield><subfield code='b'>the regulation of language in Tudor-Stuart England /</subfield><subfield code='c'>Debora Shuger.</subfield></datafield><datafield ind1=' ' ind2=' ' tag='260'><subfield code='a'>Philadelphia :</subfield><subfield code='b'>University of Pennsylvania Press,</subfield><subfield code='c'>2005.</subfield></datafield><datafield ind1=' ' ind2=' ' tag='263'><subfield code='a'>0603</subfield></datafield><datafield ind1=' ' ind2=' ' tag='300'><subfield code='a'>346 p. ;</subfield><subfield code='c'>23 cm.</subfield></datafield><datafield ind1=' ' ind2=' ' tag='504'><subfield code='a'>Includes bibliographical references and index.</subfield></datafield><datafield ind1=' ' ind2='0' tag='650'><subfield code='a'>Freedom of the press</subfield><subfield code='z'>England</subfield><subfield code='x'>History</subfield><subfield code='y'>16th century.</subfield></datafield><datafield ind1=' ' ind2='0' tag='650'><subfield code='a'>Freedom of the press</subfield><subfield code='z'>England</subfield><subfield code='x'>History</subfield><subfield code='y'>17th century.</subfield></datafield><datafield ind1=' ' ind2='0' tag='650'><subfield code='a'>Politeness (Linguistics)</subfield><subfield code='z'>England</subfield><subfield code='x'>History</subfield><subfield code='y'>16th century.</subfield></datafield><datafield ind1=' ' ind2='0' tag='650'><subfield code='a'>Politeness (Linguistics)</subfield><subfield code='z'>England</subfield><subfield code='x'>History</subfield><subfield code='y'>17th century.</subfield></datafield><datafield ind1=' ' ind2='1' tag='901'><subfield code='a'>KD4112</subfield><subfield code='b'>.S55 2005</subfield><subfield code='i'>39074804450393</subfield><subfield code='l'>lstk</subfield><subfield code='t'>051</subfield><subfield code='s'>o</subfield><subfield code='z'>090</subfield></datafield><datafield ind1=' ' ind2=' ' tag='902'><subfield code='a'>170201</subfield></datafield><datafield ind1=' ' ind2=' ' tag='907'><subfield code='a'>.b3003971x</subfield><subfield code='b'>l    </subfield><subfield code='c'>-</subfield></datafield><datafield ind1=' ' ind2=' ' tag='907'><subfield code='a'>*ov=.b3003971x</subfield></datafield><datafield ind1=' ' ind2=' ' tag='945'><subfield code='l'>lstk </subfield><subfield code='g'>1</subfield></datafield><datafield ind1=' ' ind2=' ' tag='998'><subfield code='b'>1</subfield><subfield code='c'>060406</subfield><subfield code='d'>m</subfield><subfield code='e'>a</subfield><subfield code='f'>-</subfield><subfield code='g'>0</subfield></datafield><datafield ind1=' ' ind2=' ' tag='998'><subfield code='b'>1</subfield><subfield code='c'>060406</subfield><subfield code='d'>m</subfield><subfield code='e'>a</subfield><subfield code='f'>-</subfield><subfield code='g'>0</subfield></datafield><datafield ind1=' ' ind2=' ' tag='ADM'><subfield code='b'>2018-06-19 02:55:17</subfield><subfield code='e'>b3003971x-01tuli_inst</subfield><subfield code='d'>ILS</subfield><subfield code='a'>2017-06-20 06:24:38</subfield><subfield code='c'>false</subfield></datafield><datafield ind1='0' ind2=' ' tag='HLD'><subfield code='b'>LAW</subfield><subfield code='c'>closestack</subfield><subfield code='h'>KD4112</subfield><subfield code='i'>.S55 2005</subfield><subfield code='8'>22247176250003811</subfield></datafield><datafield ind1=' ' ind2=' ' tag='ITM'><subfield code='r'>22247176250003811</subfield><subfield code='b'>1</subfield><subfield code='h'>0</subfield><subfield code='g'>closestack</subfield><subfield code='t'>BOOK</subfield><subfield code='9'>39074804450393</subfield><subfield code='e'>closestack</subfield><subfield code='8'>23247176240003811</subfield><subfield code='a'>0</subfield><subfield code='q'>2017-06-20 06:24:38</subfield><subfield code='i'>KD4112 .S55 2005</subfield><subfield code='d'>LAW</subfield><subfield code='f'>LAW</subfield></datafield></record>