
<record xmlns='http://www.loc.gov/MARC21/slim'><leader>01317nam a2200409 a 4500</leader><controlfield tag='005'>20170826003552.0</controlfield><controlfield tag='008'>961011s1993    enk      b    001 0 eng  </controlfield><controlfield tag='001'>991035865819703811</controlfield><datafield ind1=' ' ind2=' ' tag='010'><subfield code='a'>92005389</subfield></datafield><datafield ind1=' ' ind2=' ' tag='020'><subfield code='a'>0415076854</subfield></datafield><datafield ind1=' ' ind2=' ' tag='035'><subfield code='a'>(PPT)b17464444-01tuli_inst</subfield></datafield><datafield ind1=' ' ind2=' ' tag='035'><subfield code='a'>(CStRLIN)ocn477412036</subfield><subfield code='9'>ExL</subfield></datafield><datafield ind1=' ' ind2=' ' tag='035'><subfield code='a'>PATG96-B37182</subfield></datafield><datafield ind1=' ' ind2=' ' tag='035'><subfield code='a'>ocm25509107</subfield></datafield><datafield ind1=' ' ind2=' ' tag='035'><subfield code='a'>(OCLC)ocm25509107</subfield></datafield><datafield ind1=' ' ind2=' ' tag='040'><subfield code='a'>DLC</subfield><subfield code='c'>DLC</subfield><subfield code='d'>DLC</subfield></datafield><datafield ind1=' ' ind2=' ' tag='043'><subfield code='a'>e-uk---</subfield></datafield><datafield ind1=' ' ind2=' ' tag='079'><subfield code='a'>ocm25509107</subfield></datafield><datafield ind1=' ' ind2=' ' tag='090'><subfield code='a'>PR448.S4J66 1993</subfield></datafield><datafield ind1='1' ind2=' ' tag='100'><subfield code='a'>Jones, C. B.</subfield></datafield><datafield ind1='1' ind2='0' tag='245'><subfield code='a'>Radical sensibility :</subfield><subfield code='b'>literature and ideas in the 1790s /</subfield><subfield code='c'>Chris Jones.</subfield></datafield><datafield ind1=' ' ind2=' ' tag='260'><subfield code='a'>London ;</subfield><subfield code='a'>New York :</subfield><subfield code='b'>Routledge,</subfield><subfield code='c'>1993.</subfield></datafield><datafield ind1=' ' ind2=' ' tag='300'><subfield code='a'>xiii, 231 p. ;</subfield><subfield code='c'>23 cm.</subfield></datafield><datafield ind1=' ' ind2=' ' tag='504'><subfield code='a'>Includes bibliographical references (p. 223-228) and index.</subfield></datafield><datafield ind1=' ' ind2='0' tag='650'><subfield code='a'>English literature</subfield><subfield code='y'>18th century</subfield><subfield code='x'>History and criticism.</subfield></datafield><datafield ind1=' ' ind2='0' tag='650'><subfield code='a'>Sentimentalism in literature.</subfield></datafield><datafield ind1=' ' ind2='0' tag='650'><subfield code='a'>Radicalism in literature.</subfield></datafield><datafield ind1=' ' ind2='0' tag='651'><subfield code='a'>Great Britain</subfield><subfield code='x'>History</subfield><subfield code='y'>1789-1820.</subfield></datafield><datafield ind1=' ' ind2=' ' tag='902'><subfield code='a'>150513</subfield></datafield><datafield ind1=' ' ind2=' ' tag='907'><subfield code='a'>.b17464444</subfield><subfield code='b'>p    </subfield><subfield code='c'>-</subfield></datafield><datafield ind1=' ' ind2=' ' tag='935'><subfield code='a'>00812481</subfield></datafield><datafield ind1=' ' ind2=' ' tag='945'><subfield code='l'>pstk </subfield><subfield code='g'>1</subfield></datafield><datafield ind1=' ' ind2=' ' tag='950'><subfield code='l'>P</subfield><subfield code='i'>10/11/96 N</subfield></datafield><datafield ind1=' ' ind2=' ' tag='955'><subfield code='l'>P</subfield><subfield code='c'>0</subfield><subfield code='r'>39074010968188</subfield><subfield code='i'>10/11/96 C</subfield></datafield><datafield ind1=' ' ind2=' ' tag='979'><subfield code='a'>ocm25509107</subfield></datafield><datafield ind1=' ' ind2=' ' tag='998'><subfield code='b'>1</subfield><subfield code='c'>990101</subfield><subfield code='d'>m</subfield><subfield code='e'>a</subfield><subfield code='f'>-</subfield><subfield code='g'>0</subfield></datafield><datafield ind1=' ' ind2=' ' tag='998'><subfield code='a'>10/11/96</subfield><subfield code='t'>c</subfield><subfield code='s'>9110</subfield><subfield code='l'>PATG</subfield><subfield code='n'>PPT</subfield><subfield code='w'>DCLC925389B</subfield><subfield code='d'>10/11/96</subfield><subfield code='c'>MFK</subfield><subfield code='b'>MK</subfield></datafield><datafield ind1=' ' ind2=' ' tag='ADM'><subfield code='b'>2018-06-20 04:45:09</subfield><subfield code='e'>b17464444-01tuli_inst</subfield><subfield code='d'>ILS</subfield><subfield code='a'>2017-06-20 06:37:10</subfield><subfield code='c'>false</subfield></datafield><datafield ind1='0' ind2=' ' tag='HLD'><subfield code='b'>MAIN</subfield><subfield code='c'>stacks</subfield><subfield code='h'>PR448.S4J66 1993</subfield><subfield code='8'>22251268980003811</subfield></datafield><datafield ind1=' ' ind2=' ' tag='ITM'><subfield code='r'>22251268980003811</subfield><subfield code='b'>1</subfield><subfield code='h'>0</subfield><subfield code='g'>stacks</subfield><subfield code='t'>BOOK</subfield><subfield code='9'>39074010968188</subfield><subfield code='e'>stacks</subfield><subfield code='8'>23251268970003811</subfield><subfield code='a'>0</subfield><subfield code='q'>2017-06-20 06:37:10</subfield><subfield code='i'>PR448.S4J66 1993</subfield><subfield code='d'>MAIN</subfield><subfield code='f'>MAIN</subfield></datafield></record>