
<record xmlns='http://www.loc.gov/MARC21/slim'><leader>01344cam a2200409 a 4500</leader><controlfield tag='005'>20170825203741.0</controlfield><controlfield tag='008'>050118s2005    enka     b    001 0 eng  </controlfield><controlfield tag='001'>991005558599703811</controlfield><datafield ind1=' ' ind2=' ' tag='010'><subfield code='a'>2005001377</subfield></datafield><datafield ind1=' ' ind2=' ' tag='020'><subfield code='a'>0199277346 (alk. paper)</subfield></datafield><datafield ind1=' ' ind2=' ' tag='035'><subfield code='a'>(PPT)b28348989-01tuli_inst</subfield></datafield><datafield ind1=' ' ind2=' ' tag='035'><subfield code='a'>(DLC)ocn490723670</subfield><subfield code='9'>ExL</subfield></datafield><datafield ind1=' ' ind2=' ' tag='035'><subfield code='a'>DLC  2005001377</subfield></datafield><datafield ind1=' ' ind2=' ' tag='035'><subfield code='a'>ocm57531571</subfield></datafield><datafield ind1=' ' ind2=' ' tag='035'><subfield code='a'>(OCLC)ocm57531571</subfield></datafield><datafield ind1=' ' ind2=' ' tag='040'><subfield code='a'>DLC</subfield><subfield code='c'>DLC</subfield><subfield code='d'>DLC</subfield></datafield><datafield ind1=' ' ind2=' ' tag='042'><subfield code='a'>pcc</subfield></datafield><datafield ind1=' ' ind2=' ' tag='079'><subfield code='a'>ocm57531571</subfield></datafield><datafield ind1=' ' ind2=' ' tag='090'><subfield code='a'>BH301.J8</subfield><subfield code='b'>L67 2005</subfield></datafield><datafield ind1='1' ind2=' ' tag='100'><subfield code='a'>Lopes, Dominic.</subfield></datafield><datafield ind1='1' ind2='0' tag='245'><subfield code='a'>Sight and sensibility :</subfield><subfield code='b'>evaluating pictures /</subfield><subfield code='c'>Dominic McIver Lopes.</subfield></datafield><datafield ind1=' ' ind2=' ' tag='260'><subfield code='a'>Oxford ;</subfield><subfield code='a'>New York :</subfield><subfield code='b'>Oxford University Press,</subfield><subfield code='c'>2005.</subfield></datafield><datafield ind1=' ' ind2=' ' tag='300'><subfield code='a'>x, 210 p. :</subfield><subfield code='b'>ill. ;</subfield><subfield code='c'>21 cm.</subfield></datafield><datafield ind1=' ' ind2=' ' tag='504'><subfield code='a'>Includes bibliographical references (p. [195]-204) and index.</subfield></datafield><datafield ind1='0' ind2=' ' tag='505'><subfield code='a'>The puzzle of mimesis -- The &apos;air&apos; of pictures -- Good looking -- Drawing lessons -- Moral vision.</subfield></datafield><datafield ind1=' ' ind2='0' tag='650'><subfield code='a'>Judgment (Aesthetics)</subfield></datafield><datafield ind1=' ' ind2='0' tag='650'><subfield code='a'>Pictures.</subfield></datafield><datafield ind1='4' ind2='1' tag='856'><subfield code='z'>Access Table of contents.</subfield><subfield code='u'>http://www.loc.gov/catdir/toc/ecip056/2005001377.html</subfield></datafield><datafield ind1=' ' ind2=' ' tag='901'><subfield code='a'>BNA</subfield></datafield><datafield ind1=' ' ind2=' ' tag='901'><subfield code='a'>R4517195</subfield></datafield><datafield ind1=' ' ind2=' ' tag='902'><subfield code='a'>110512</subfield></datafield><datafield ind1=' ' ind2=' ' tag='902'><subfield code='a'>050825AB0701</subfield></datafield><datafield ind1=' ' ind2=' ' tag='907'><subfield code='a'>.b28348989</subfield><subfield code='b'>p    </subfield><subfield code='c'>-</subfield></datafield><datafield ind1=' ' ind2=' ' tag='945'><subfield code='l'>pstk </subfield><subfield code='g'>1</subfield></datafield><datafield ind1=' ' ind2=' ' tag='979'><subfield code='a'>ocm57531571</subfield></datafield><datafield ind1=' ' ind2=' ' tag='998'><subfield code='b'>0</subfield><subfield code='c'>051011</subfield><subfield code='d'>m</subfield><subfield code='e'>a</subfield><subfield code='f'>-</subfield><subfield code='g'>0</subfield></datafield><datafield ind1=' ' ind2=' ' tag='998'><subfield code='b'>0</subfield><subfield code='c'>051011</subfield><subfield code='d'>m</subfield><subfield code='e'>a</subfield><subfield code='f'>-</subfield><subfield code='g'>0</subfield></datafield><datafield ind1=' ' ind2=' ' tag='ADM'><subfield code='b'>2018-06-18 18:59:30</subfield><subfield code='e'>b28348989-01tuli_inst</subfield><subfield code='d'>ILS</subfield><subfield code='a'>2017-06-20 06:07:24</subfield><subfield code='c'>false</subfield></datafield><datafield ind1='0' ind2=' ' tag='HLD'><subfield code='b'>MAIN</subfield><subfield code='c'>stacks</subfield><subfield code='h'>BH301.J8</subfield><subfield code='i'>L67 2005</subfield><subfield code='8'>22241875850003811</subfield></datafield><datafield ind1=' ' ind2=' ' tag='ITM'><subfield code='r'>22241875850003811</subfield><subfield code='b'>1</subfield><subfield code='h'>0</subfield><subfield code='g'>stacks</subfield><subfield code='t'>BOOK</subfield><subfield code='9'>39074017270133</subfield><subfield code='e'>stacks</subfield><subfield code='8'>23241875830003811</subfield><subfield code='a'>0</subfield><subfield code='q'>2017-06-20 06:07:24</subfield><subfield code='i'>BH301.J8 L67 2005</subfield><subfield code='d'>MAIN</subfield><subfield code='f'>MAIN</subfield></datafield></record>