
<record xmlns='http://www.loc.gov/MARC21/slim'><leader>01358nam a2200421 a 4500</leader><controlfield tag='005'>20170825193835.0</controlfield><controlfield tag='008'>940728s1994    nju      b    001 0 eng  </controlfield><controlfield tag='001'>991032571169703811</controlfield><datafield ind1=' ' ind2=' ' tag='010'><subfield code='a'>93040142</subfield></datafield><datafield ind1=' ' ind2=' ' tag='020'><subfield code='a'>0880013648</subfield></datafield><datafield ind1=' ' ind2=' ' tag='035'><subfield code='a'>(PPT)b16690114-01tuli_inst</subfield></datafield><datafield ind1=' ' ind2=' ' tag='035'><subfield code='a'>(CStRLIN)ocn476602417</subfield><subfield code='9'>ExL</subfield></datafield><datafield ind1=' ' ind2=' ' tag='035'><subfield code='a'>PATG94-B19174</subfield></datafield><datafield ind1=' ' ind2=' ' tag='035'><subfield code='a'>ocm29312337</subfield></datafield><datafield ind1=' ' ind2=' ' tag='035'><subfield code='a'>(OCLC)ocm29312337</subfield></datafield><datafield ind1=' ' ind2=' ' tag='040'><subfield code='a'>DLC</subfield><subfield code='c'>DLC</subfield><subfield code='d'>PPT</subfield></datafield><datafield ind1=' ' ind2=' ' tag='043'><subfield code='a'>n-us---</subfield></datafield><datafield ind1=' ' ind2=' ' tag='079'><subfield code='a'>ocm29312337</subfield></datafield><datafield ind1=' ' ind2=' ' tag='090'><subfield code='a'>Z658.U5P36 1994</subfield></datafield><datafield ind1='1' ind2=' ' tag='100'><subfield code='a'>Pally, Marcia.</subfield></datafield><datafield ind1='1' ind2='0' tag='245'><subfield code='a'>Sex &amp; sensibility :</subfield><subfield code='b'>reflections on forbidden mirrors and the will to censor /</subfield><subfield code='c'>by Marcia Pally.</subfield></datafield><datafield ind1=' ' ind2=' ' tag='260'><subfield code='a'>Hopewell, NJ :</subfield><subfield code='b'>Ecco Press,</subfield><subfield code='c'>c1994.</subfield></datafield><datafield ind1=' ' ind2=' ' tag='300'><subfield code='a'>ix, 198 p. ;</subfield><subfield code='c'>21 cm.</subfield></datafield><datafield ind1=' ' ind2=' ' tag='504'><subfield code='a'>Includes bibliographical references and index/</subfield></datafield><datafield ind1=' ' ind2='0' tag='650'><subfield code='a'>Censorship</subfield><subfield code='z'>United States.</subfield></datafield><datafield ind1=' ' ind2='0' tag='650'><subfield code='a'>Sex in mass media</subfield><subfield code='x'>Censorship</subfield><subfield code='z'>United States.</subfield></datafield><datafield ind1=' ' ind2='0' tag='650'><subfield code='a'>Violence in mass media</subfield><subfield code='x'>Censorship</subfield><subfield code='z'>United States.</subfield></datafield><datafield ind1=' ' ind2='0' tag='650'><subfield code='a'>Freedom of speech</subfield><subfield code='z'>United States.</subfield></datafield><datafield ind1='0' ind2='1' tag='740'><subfield code='a'>Sex and sensibility.</subfield></datafield><datafield ind1=' ' ind2=' ' tag='902'><subfield code='a'>111214</subfield></datafield><datafield ind1=' ' ind2=' ' tag='907'><subfield code='a'>.b16690114</subfield><subfield code='b'>p    </subfield><subfield code='c'>-</subfield></datafield><datafield ind1=' ' ind2=' ' tag='935'><subfield code='a'>00729273</subfield></datafield><datafield ind1=' ' ind2=' ' tag='945'><subfield code='l'>pstk </subfield><subfield code='g'>1</subfield></datafield><datafield ind1=' ' ind2=' ' tag='950'><subfield code='l'>P</subfield><subfield code='i'>07/28/94 N</subfield></datafield><datafield ind1=' ' ind2=' ' tag='955'><subfield code='l'>P</subfield><subfield code='c'>0</subfield><subfield code='i'>07/28/94 C</subfield></datafield><datafield ind1=' ' ind2=' ' tag='979'><subfield code='a'>ocm29312337</subfield></datafield><datafield ind1=' ' ind2=' ' tag='998'><subfield code='b'>1</subfield><subfield code='c'>990101</subfield><subfield code='d'>m</subfield><subfield code='e'>a</subfield><subfield code='f'>-</subfield><subfield code='g'>0</subfield></datafield><datafield ind1=' ' ind2=' ' tag='998'><subfield code='a'>07/28/94</subfield><subfield code='t'>c</subfield><subfield code='s'>9110</subfield><subfield code='n'>PPT</subfield><subfield code='w'>DCLC9340142B</subfield><subfield code='d'>07/28/94</subfield><subfield code='b'>JR</subfield><subfield code='i'>940728</subfield><subfield code='l'>PATG</subfield></datafield><datafield ind1=' ' ind2=' ' tag='ADM'><subfield code='b'>2018-06-20 03:44:59</subfield><subfield code='e'>b16690114-01tuli_inst</subfield><subfield code='d'>ILS</subfield><subfield code='a'>2017-06-20 10:57:36</subfield><subfield code='c'>false</subfield></datafield><datafield ind1='0' ind2=' ' tag='HLD'><subfield code='b'>MAIN</subfield><subfield code='c'>stacks</subfield><subfield code='h'>Z658.U5P36 1994</subfield><subfield code='8'>22307695050003811</subfield></datafield><datafield ind1=' ' ind2=' ' tag='ITM'><subfield code='r'>22307695050003811</subfield><subfield code='b'>1</subfield><subfield code='h'>0</subfield><subfield code='g'>stacks</subfield><subfield code='t'>BOOK</subfield><subfield code='9'>39074009628546</subfield><subfield code='e'>stacks</subfield><subfield code='8'>23307695030003811</subfield><subfield code='a'>0</subfield><subfield code='q'>2017-06-20 10:57:36</subfield><subfield code='i'>Z658.U5P36 1994</subfield><subfield code='d'>MAIN</subfield><subfield code='f'>MAIN</subfield></datafield></record>