
<record xmlns='http://www.loc.gov/MARC21/slim'><leader>01370nam  22002894a 4500</leader><controlfield tag='001'>991036815870003811</controlfield><controlfield tag='005'>20170821170406.0</controlfield><controlfield tag='006'>m     o  d |      </controlfield><controlfield tag='007'>cr cn|||||||||</controlfield><controlfield tag='008'>060216s2006    nvu     ob    001 0 eng  </controlfield><datafield ind1=' ' ind2=' ' tag='010'><subfield code='z'>  2006005769</subfield></datafield><datafield ind1=' ' ind2=' ' tag='020'><subfield code='a'>1-282-25610-6</subfield></datafield><datafield ind1=' ' ind2=' ' tag='020'><subfield code='a'>9786612256103</subfield></datafield><datafield ind1=' ' ind2=' ' tag='020'><subfield code='a'>1-930972-51-2</subfield></datafield><datafield ind1=' ' ind2=' ' tag='035'><subfield code='a'>(CKB)2430000000003140</subfield></datafield><datafield ind1=' ' ind2=' ' tag='035'><subfield code='a'>(OCoLC)804837582</subfield></datafield><datafield ind1=' ' ind2=' ' tag='035'><subfield code='a'>(CaPaEBR)ebrary10299113</subfield></datafield><datafield ind1=' ' ind2=' ' tag='035'><subfield code='a'>(SSID)ssj0000309256</subfield></datafield><datafield ind1=' ' ind2=' ' tag='035'><subfield code='a'>(PQKBManifestationID)12106847</subfield></datafield><datafield ind1=' ' ind2=' ' tag='035'><subfield code='a'>(PQKBTitleCode)TC0000309256</subfield></datafield><datafield ind1=' ' ind2=' ' tag='035'><subfield code='a'>(PQKBWorkID)10266404</subfield></datafield><datafield ind1=' ' ind2=' ' tag='035'><subfield code='a'>(PQKB)11475089</subfield></datafield><datafield ind1=' ' ind2=' ' tag='035'><subfield code='a'>(MiAaPQ)EBC3384734</subfield></datafield><datafield ind1=' ' ind2=' ' tag='035'><subfield code='a'>(EXLCZ)992430000000003140</subfield></datafield><datafield ind1=' ' ind2=' ' tag='040'><subfield code='a'>MiAaPQ</subfield><subfield code='c'>MiAaPQ</subfield><subfield code='d'>MiAaPQ</subfield></datafield><datafield ind1=' ' ind2=' ' tag='041'><subfield code='a'>eng</subfield></datafield><datafield ind1=' ' ind2='4' tag='050'><subfield code='a'>BJ1012</subfield><subfield code='b'>.S475 2006</subfield></datafield><datafield ind1=' ' ind2=' ' tag='082'><subfield code='a'>170</subfield></datafield><datafield ind1='1' ind2=' ' tag='100'><subfield code='a'>Silliman, Matthew R.,</subfield><subfield code='d'>1956-</subfield></datafield><datafield ind1='1' ind2='0' tag='245'><subfield code='a'>Sentience and sensibility</subfield><subfield code='h'>[electronic resource] :</subfield><subfield code='b'>a conversation about moral philosophy /</subfield><subfield code='c'>Matthew R. Silliman.</subfield></datafield><datafield ind1=' ' ind2=' ' tag='260'><subfield code='a'>Las Vegas, Nev. :</subfield><subfield code='b'>Parmenides Pub.,</subfield><subfield code='c'>2006.</subfield></datafield><datafield ind1=' ' ind2=' ' tag='260'><subfield code='a'>Las Vegas, Nev. :</subfield><subfield code='b'>Parmenides Pub.,</subfield><subfield code='c'>2006.</subfield></datafield><datafield ind1=' ' ind2=' ' tag='300'><subfield code='a'>1 online resource (347 p.) </subfield></datafield><datafield ind1=' ' ind2=' ' tag='336'><subfield code='a'>text</subfield><subfield code='b'>txt</subfield></datafield><datafield ind1=' ' ind2=' ' tag='337'><subfield code='a'>computer</subfield><subfield code='b'>c</subfield></datafield><datafield ind1=' ' ind2=' ' tag='338'><subfield code='a'>online resource</subfield><subfield code='b'>cr</subfield></datafield><datafield ind1=' ' ind2=' ' tag='500'><subfield code='a'>Bibliographic Level Mode of Issuance: Monograph</subfield></datafield><datafield ind1=' ' ind2=' ' tag='546'><subfield code='a'>English</subfield></datafield><datafield ind1=' ' ind2=' ' tag='504'><subfield code='a'>Includes bibliographical references (p. 315-319) and index.</subfield></datafield><datafield ind1='0' ind2=' ' tag='505'><subfield code='a'>Original value -- Value incrementalism -- A normative proposal -- Valuing development -- The many faces of value -- Direct and indirect moral considerability -- Affirming moral theories -- Ethical vegetarianism? -- The possibility of an environmental ethic -- Racism and moral perfectionism -- The bankruptcy of moral relativism.</subfield></datafield><datafield ind1=' ' ind2='0' tag='650'><subfield code='a'>Ethics.</subfield></datafield><datafield ind1=' ' ind2='0' tag='650'><subfield code='a'>Values.</subfield></datafield><datafield ind1=' ' ind2='4' tag='655'><subfield code='a'>Electronic books.</subfield></datafield><datafield ind1=' ' ind2=' ' tag='776'><subfield code='z'>1-930972-07-5</subfield></datafield><datafield ind1=' ' ind2=' ' tag='906'><subfield code='a'>BOOK</subfield></datafield><datafield ind1=' ' ind2=' ' tag='ADM'><subfield code='b'>2017-11-30 06:29:43</subfield><subfield code='e'>2430000000003140</subfield><subfield code='d'>PQNKB</subfield><subfield code='f'>20160803134623.0</subfield><subfield code='a'>2012-02-26 00:22:25</subfield><subfield code='c'>false</subfield></datafield><datafield ind1=' ' ind2=' ' tag='PRT'><subfield code='a'>53393945360003811</subfield><subfield code='b'>https://sandbox01-na.alma.exlibrisgroup.com/view/uresolver/01TULI_INST/openurl?u.ignore_date_coverage=true&amp;rft.mms_id=991036815870003811</subfield><subfield code='e'>EBSCOhost</subfield><subfield code='9'>Available</subfield><subfield code='c'>EBSCOhost Academic eBook Collection (North America)</subfield><subfield code='h'>613640000000000029</subfield><subfield code='8'>53393945360003811</subfield></datafield></record>