
<record xmlns='http://www.loc.gov/MARC21/slim'><leader>01395pam a22004570  4500</leader><controlfield tag='005'>20180618154649.0</controlfield><controlfield tag='008'>790823s1980    iluaf    b    00110 eng  </controlfield><controlfield tag='001'>991007254659703811</controlfield><datafield ind1=' ' ind2=' ' tag='010'><subfield code='a'>79020657</subfield></datafield><datafield ind1=' ' ind2=' ' tag='020'><subfield code='a'>0226312895</subfield></datafield><datafield ind1=' ' ind2=' ' tag='035'><subfield code='a'>(PPT)b11487471-01tuli_inst</subfield></datafield><datafield ind1=' ' ind2=' ' tag='035'><subfield code='a'>ocn469777695</subfield><subfield code='9'>ExL</subfield></datafield><datafield ind1=' ' ind2=' ' tag='035'><subfield code='a'>PATG05353165B</subfield></datafield><datafield ind1=' ' ind2=' ' tag='035'><subfield code='a'>ocm05353165</subfield></datafield><datafield ind1=' ' ind2=' ' tag='035'><subfield code='a'>(OCLC)ocm05353165</subfield></datafield><datafield ind1=' ' ind2=' ' tag='040'><subfield code='a'>DLC</subfield><subfield code='c'>DLC</subfield><subfield code='d'>m.c.</subfield><subfield code='d'>PPT</subfield><subfield code='d'>CStRLIN</subfield></datafield><datafield ind1=' ' ind2=' ' tag='043'><subfield code='a'>e-uk---</subfield><subfield code='a'>e------</subfield></datafield><datafield ind1=' ' ind2=' ' tag='079'><subfield code='a'>ocm05353165</subfield></datafield><datafield ind1=' ' ind2=' ' tag='090'><subfield code='a'>PR409.L67H3</subfield></datafield><datafield ind1='1' ind2='0' tag='100'><subfield code='a'>Hagstrum, Jean H.</subfield></datafield><datafield ind1='1' ind2='0' tag='245'><subfield code='a'>Sex and sensibility :</subfield><subfield code='b'>ideal and erotic love from Milton to Mozart /</subfield><subfield code='c'>Jean H. Hagstrum.</subfield></datafield><datafield ind1=' ' ind2=' ' tag='260'><subfield code='a'>Chicago :</subfield><subfield code='b'>University of Chicago Press,</subfield><subfield code='c'>1980.</subfield></datafield><datafield ind1=' ' ind2=' ' tag='300'><subfield code='a'>xiv, 350 p., [12] leaves of plates :</subfield><subfield code='b'>ill. ;</subfield><subfield code='c'>25 cm.</subfield></datafield><datafield ind1=' ' ind2=' ' tag='504'><subfield code='a'>Includes bibliographical references and index.</subfield></datafield><datafield ind1=' ' ind2='0' tag='650'><subfield code='a'>English literature</subfield><subfield code='x'>History and criticism.</subfield></datafield><datafield ind1=' ' ind2='0' tag='650'><subfield code='a'>Love in literature.</subfield></datafield><datafield ind1=' ' ind2='0' tag='650'><subfield code='a'>European literature</subfield><subfield code='x'>History and criticism.</subfield></datafield><datafield ind1=' ' ind2='0' tag='650'><subfield code='a'>Love in art.</subfield></datafield><datafield ind1=' ' ind2='0' tag='650'><subfield code='a'>Arts.</subfield></datafield><datafield ind1=' ' ind2=' ' tag='902'><subfield code='a'>130517</subfield></datafield><datafield ind1=' ' ind2=' ' tag='907'><subfield code='a'>.b11487471</subfield><subfield code='b'>multi</subfield><subfield code='c'>-</subfield></datafield><datafield ind1=' ' ind2=' ' tag='935'><subfield code='a'>00158130</subfield></datafield><datafield ind1=' ' ind2=' ' tag='945'><subfield code='l'>astk </subfield><subfield code='g'>1</subfield></datafield><datafield ind1=' ' ind2=' ' tag='945'><subfield code='l'>pstk </subfield><subfield code='g'>1</subfield></datafield><datafield ind1=' ' ind2=' ' tag='950'><subfield code='l'>AMB</subfield><subfield code='x'>70</subfield><subfield code='i'>01/01/01 N</subfield></datafield><datafield ind1=' ' ind2=' ' tag='950'><subfield code='l'>P</subfield><subfield code='x'>1</subfield><subfield code='i'>01/01/01 N</subfield></datafield><datafield ind1=' ' ind2=' ' tag='955'><subfield code='c'>-</subfield><subfield code='u'>c=1 [1224705]</subfield></datafield><datafield ind1=' ' ind2=' ' tag='955'><subfield code='c'>-</subfield><subfield code='u'>c=1 [1209943]</subfield></datafield><datafield ind1=' ' ind2=' ' tag='979'><subfield code='a'>ocm05353165</subfield></datafield><datafield ind1=' ' ind2=' ' tag='998'><subfield code='b'>2</subfield><subfield code='c'>990101</subfield><subfield code='d'>m</subfield><subfield code='e'>a</subfield><subfield code='f'>-</subfield><subfield code='g'>0</subfield></datafield><datafield ind1=' ' ind2=' ' tag='998'><subfield code='n'>PPT</subfield><subfield code='s'>9665</subfield></datafield><datafield ind1=' ' ind2=' ' tag='ADM'><subfield code='b'>2018-06-18 19:46:49</subfield><subfield code='e'>b11487471-01tuli_inst</subfield><subfield code='d'>ILS</subfield><subfield code='a'>2017-06-20 08:56:42</subfield><subfield code='c'>false</subfield></datafield><datafield ind1='0' ind2=' ' tag='HLD'><subfield code='b'>MAIN</subfield><subfield code='c'>stacks</subfield><subfield code='h'>PR409.L67H3</subfield><subfield code='8'>22288718730003811</subfield></datafield><datafield ind1='0' ind2=' ' tag='HLD'><subfield code='b'>AMBLER</subfield><subfield code='c'>stacks</subfield><subfield code='h'>PR409.L67H3</subfield><subfield code='8'>22288718710003811</subfield></datafield><datafield ind1=' ' ind2=' ' tag='ITM'><subfield code='r'>22288718730003811</subfield><subfield code='b'>1</subfield><subfield code='h'>0</subfield><subfield code='g'>stacks</subfield><subfield code='t'>BOOK</subfield><subfield code='9'>39074007466352</subfield><subfield code='e'>stacks</subfield><subfield code='8'>23288718720003811</subfield><subfield code='a'>0</subfield><subfield code='q'>2017-06-20 08:56:42</subfield><subfield code='i'>PR409.L67H3</subfield><subfield code='d'>MAIN</subfield><subfield code='f'>MAIN</subfield></datafield><datafield ind1=' ' ind2=' ' tag='ITM'><subfield code='r'>22288718710003811</subfield><subfield code='b'>1</subfield><subfield code='h'>0</subfield><subfield code='g'>stacks</subfield><subfield code='t'>BOOK</subfield><subfield code='9'>39074003092723</subfield><subfield code='e'>stacks</subfield><subfield code='8'>23288718700003811</subfield><subfield code='a'>0</subfield><subfield code='q'>2017-06-20 08:56:42</subfield><subfield code='i'>PR409.L67H3</subfield><subfield code='d'>AMBLER</subfield><subfield code='f'>AMBLER</subfield></datafield></record>