
<record xmlns='http://www.loc.gov/MARC21/slim'><leader>01407cam a2200409 a 4500</leader><controlfield tag='005'>20170825213220.0</controlfield><controlfield tag='008'>050914s2006    pau      b    001 0 eng  </controlfield><controlfield tag='001'>991012345179703811</controlfield><datafield ind1=' ' ind2=' ' tag='010'><subfield code='a'>2005042376</subfield></datafield><datafield ind1=' ' ind2=' ' tag='020'><subfield code='a'>0812239172 (cloth : alk. paper)</subfield></datafield><datafield ind1=' ' ind2=' ' tag='035'><subfield code='a'>(PPT)b30005486-01tuli_inst</subfield></datafield><datafield ind1=' ' ind2=' ' tag='035'><subfield code='a'>(DLC)ocn491587222</subfield><subfield code='9'>ExL</subfield></datafield><datafield ind1=' ' ind2=' ' tag='035'><subfield code='a'>DLC  2005042376</subfield></datafield><datafield ind1=' ' ind2=' ' tag='035'><subfield code='a'>ocm62188931</subfield></datafield><datafield ind1=' ' ind2=' ' tag='035'><subfield code='a'>(OCLC)ocm62188931</subfield></datafield><datafield ind1=' ' ind2=' ' tag='040'><subfield code='a'>DLC</subfield><subfield code='c'>DLC</subfield><subfield code='d'>PPT</subfield></datafield><datafield ind1=' ' ind2=' ' tag='043'><subfield code='a'>e-uk-en</subfield></datafield><datafield ind1=' ' ind2=' ' tag='079'><subfield code='a'>ocm62188931</subfield></datafield><datafield ind1=' ' ind2=' ' tag='090'><subfield code='a'>KD4112</subfield><subfield code='b'>.S55 2006</subfield></datafield><datafield ind1='1' ind2=' ' tag='100'><subfield code='a'>Shuger, Debora K.,</subfield><subfield code='d'>1953-</subfield></datafield><datafield ind1='1' ind2='0' tag='245'><subfield code='a'>Censorship and cultural sensibility :</subfield><subfield code='b'>the regulation of language in Tudor-Stuart England /</subfield><subfield code='c'>Debora Shuger.</subfield></datafield><datafield ind1=' ' ind2=' ' tag='260'><subfield code='a'>Philadelphia :</subfield><subfield code='b'>University of Pennsylvania Press,</subfield><subfield code='c'>2006.</subfield></datafield><datafield ind1=' ' ind2=' ' tag='300'><subfield code='a'>346 p. ;</subfield><subfield code='c'>24 cm.</subfield></datafield><datafield ind1=' ' ind2=' ' tag='504'><subfield code='a'>Includes bibliographical references (p. [317]-345) and index.</subfield></datafield><datafield ind1=' ' ind2='0' tag='650'><subfield code='a'>Freedom of the press</subfield><subfield code='z'>England</subfield><subfield code='x'>History</subfield><subfield code='y'>16th century.</subfield></datafield><datafield ind1=' ' ind2='0' tag='650'><subfield code='a'>Freedom of the press</subfield><subfield code='z'>England</subfield><subfield code='x'>History</subfield><subfield code='y'>17th century.</subfield></datafield><datafield ind1=' ' ind2='0' tag='650'><subfield code='a'>Politeness (Linguistics)</subfield><subfield code='z'>England</subfield><subfield code='x'>History</subfield><subfield code='y'>16th century.</subfield></datafield><datafield ind1=' ' ind2='0' tag='650'><subfield code='a'>Politeness (Linguistics)</subfield><subfield code='z'>England</subfield><subfield code='x'>History</subfield><subfield code='y'>17th century.</subfield></datafield><datafield ind1=' ' ind2=' ' tag='901'><subfield code='a'>BNA</subfield></datafield><datafield ind1=' ' ind2=' ' tag='901'><subfield code='a'>R0563046</subfield></datafield><datafield ind1=' ' ind2=' ' tag='902'><subfield code='a'>110512</subfield></datafield><datafield ind1=' ' ind2=' ' tag='902'><subfield code='a'>060322AB0701</subfield></datafield><datafield ind1=' ' ind2=' ' tag='907'><subfield code='a'>.b30005486</subfield><subfield code='b'>p    </subfield><subfield code='c'>-</subfield></datafield><datafield ind1=' ' ind2=' ' tag='945'><subfield code='l'>pstk </subfield><subfield code='g'>1</subfield></datafield><datafield ind1=' ' ind2=' ' tag='979'><subfield code='a'>ocm62188931</subfield></datafield><datafield ind1=' ' ind2=' ' tag='998'><subfield code='b'>0</subfield><subfield code='c'>060410</subfield><subfield code='d'>m</subfield><subfield code='e'>a</subfield><subfield code='f'>-</subfield><subfield code='g'>0</subfield></datafield><datafield ind1=' ' ind2=' ' tag='998'><subfield code='b'>0</subfield><subfield code='c'>060410</subfield><subfield code='d'>m</subfield><subfield code='e'>a</subfield><subfield code='f'>-</subfield><subfield code='g'>0</subfield></datafield><datafield ind1=' ' ind2=' ' tag='ADM'><subfield code='b'>2018-06-19 02:54:00</subfield><subfield code='e'>b30005486-01tuli_inst</subfield><subfield code='d'>ILS</subfield><subfield code='a'>2017-06-20 14:14:43</subfield><subfield code='c'>false</subfield></datafield><datafield ind1='0' ind2=' ' tag='HLD'><subfield code='b'>MAIN</subfield><subfield code='c'>stacks</subfield><subfield code='h'>KD4112</subfield><subfield code='i'>.S55 2006</subfield><subfield code='8'>22330283370003811</subfield></datafield><datafield ind1=' ' ind2=' ' tag='ITM'><subfield code='r'>22330283370003811</subfield><subfield code='b'>1</subfield><subfield code='h'>0</subfield><subfield code='g'>stacks</subfield><subfield code='t'>BOOK</subfield><subfield code='9'>39074018569889</subfield><subfield code='e'>stacks</subfield><subfield code='8'>23330283360003811</subfield><subfield code='a'>0</subfield><subfield code='q'>2017-06-20 14:14:43</subfield><subfield code='i'>KD4112 .S55 2006</subfield><subfield code='d'>MAIN</subfield><subfield code='f'>MAIN</subfield></datafield></record>