
<record xmlns='http://www.loc.gov/MARC21/slim'><leader>01410nam  2200397 a 4500</leader><controlfield tag='001'>991036813442003811</controlfield><controlfield tag='005'>20170810200438.0</controlfield><controlfield tag='006'>m     o  d |      </controlfield><controlfield tag='007'>cr -n---------</controlfield><controlfield tag='008'>040311s2004    enk     ob    000 1 eng d</controlfield><datafield ind1=' ' ind2=' ' tag='010'><subfield code='z'>  2004269973</subfield></datafield><datafield ind1=' ' ind2=' ' tag='020'><subfield code='a'>1-280-59363-6</subfield></datafield><datafield ind1=' ' ind2=' ' tag='020'><subfield code='a'>9786613623461</subfield></datafield><datafield ind1=' ' ind2=' ' tag='020'><subfield code='a'>0-19-158310-3</subfield></datafield><datafield ind1=' ' ind2=' ' tag='020'><subfield code='a'>0-19-160467-4</subfield></datafield><datafield ind1=' ' ind2=' ' tag='035'><subfield code='a'>(CKB)2670000000154623</subfield></datafield><datafield ind1=' ' ind2=' ' tag='035'><subfield code='a'>(EBL)845913</subfield></datafield><datafield ind1=' ' ind2=' ' tag='035'><subfield code='a'>(OCoLC)778339678</subfield></datafield><datafield ind1=' ' ind2=' ' tag='035'><subfield code='a'>(SSID)ssj0000614557</subfield></datafield><datafield ind1=' ' ind2=' ' tag='035'><subfield code='a'>(PQKBManifestationID)12223655</subfield></datafield><datafield ind1=' ' ind2=' ' tag='035'><subfield code='a'>(PQKBTitleCode)TC0000614557</subfield></datafield><datafield ind1=' ' ind2=' ' tag='035'><subfield code='a'>(PQKBWorkID)10605160</subfield></datafield><datafield ind1=' ' ind2=' ' tag='035'><subfield code='a'>(PQKB)10674743</subfield></datafield><datafield ind1=' ' ind2=' ' tag='035'><subfield code='a'>(SSID)ssj0001148987</subfield></datafield><datafield ind1=' ' ind2=' ' tag='035'><subfield code='a'>(PQKBManifestationID)12520873</subfield></datafield><datafield ind1=' ' ind2=' ' tag='035'><subfield code='a'>(PQKBTitleCode)TC0001148987</subfield></datafield><datafield ind1=' ' ind2=' ' tag='035'><subfield code='a'>(PQKBWorkID)11167455</subfield></datafield><datafield ind1=' ' ind2=' ' tag='035'><subfield code='a'>(PQKB)11451399</subfield></datafield><datafield ind1=' ' ind2=' ' tag='035'><subfield code='a'>(MiAaPQ)EBC845913</subfield></datafield><datafield ind1=' ' ind2=' ' tag='035'><subfield code='a'>(EXLCZ)992670000000154623</subfield></datafield><datafield ind1=' ' ind2=' ' tag='040'><subfield code='a'>MiAaPQ</subfield><subfield code='c'>MiAaPQ</subfield><subfield code='d'>MiAaPQ</subfield></datafield><datafield ind1=' ' ind2=' ' tag='041'><subfield code='a'>eng</subfield></datafield><datafield ind1=' ' ind2=' ' tag='043'><subfield code='a'>e-uk---</subfield></datafield><datafield ind1=' ' ind2='4' tag='050'><subfield code='a'>PR4034</subfield><subfield code='b'>.S4 2004</subfield></datafield><datafield ind1='0' ind2='0' tag='082'><subfield code='a'>823.7</subfield></datafield><datafield ind1='1' ind2=' ' tag='100'><subfield code='a'>Austen, Jane,</subfield><subfield code='d'>1775-1817.</subfield></datafield><datafield ind1='1' ind2='0' tag='245'><subfield code='a'>Sense and sensibility</subfield><subfield code='h'>[electronic resource] /</subfield><subfield code='c'>Jane Austen ; edited by James Kinsley ; with an introduction by Margaret Anne Doody ; notes by Claire Lamont.</subfield></datafield><datafield ind1=' ' ind2=' ' tag='250'><subfield code='a'>New ed.</subfield></datafield><datafield ind1=' ' ind2=' ' tag='260'><subfield code='a'>Oxford :</subfield><subfield code='b'>Oxford University Press,</subfield><subfield code='c'>2004.</subfield></datafield><datafield ind1=' ' ind2=' ' tag='300'><subfield code='a'>1 online resource (385 p.)</subfield></datafield><datafield ind1=' ' ind2=' ' tag='336'><subfield code='a'>text</subfield><subfield code='b'>txt</subfield></datafield><datafield ind1=' ' ind2=' ' tag='337'><subfield code='a'>computer</subfield><subfield code='b'>c</subfield></datafield><datafield ind1=' ' ind2=' ' tag='338'><subfield code='a'>online resource</subfield><subfield code='b'>cr</subfield></datafield><datafield ind1='1' ind2=' ' tag='490'><subfield code='a'>Oxford world&apos;s classics</subfield></datafield><datafield ind1=' ' ind2=' ' tag='500'><subfield code='a'>Description based upon print version of record.</subfield></datafield><datafield ind1='0' ind2=' ' tag='505'><subfield code='a'>Cover; Contents; Introduction; Note on the Text; Select Bibliography; A Chronology of Jane Austen; SENSE AND SENSIBILITY; Volume I; Volume II; Volume III; Appendix A: Rank and Social Status; Appendix B: Dancing; Textual Notes; Explanatory Notes</subfield></datafield><datafield ind1=' ' ind2=' ' tag='520'><subfield code='a'>&quot;&quot;Pray, pray be composed,&quot;&quot; cried Elinor, &quot;&quot;and do not betray what you feel to every body present. Perhaps he has not observed you yet.&quot;&quot;&apos;For Elinor Dashwood, sensible and sensitive, and her romantic, impetuous younger sister Marianne, the prospect of marrying the men they love appears remote. In a world ruled by money and self-interest, the Dashwood sisters have neither fortune nor connections. Concerned for others and for social proprieties, Elinor is ill-equipped to compete with self-centred fortune-hunters like Lucy Steele, whilst Marianne&apos;s unswerving belief in the truth of her own feelin</subfield></datafield><datafield ind1=' ' ind2=' ' tag='546'><subfield code='a'>English</subfield></datafield><datafield ind1=' ' ind2=' ' tag='504'><subfield code='a'>Includes bibliographical references.</subfield></datafield><datafield ind1=' ' ind2='0' tag='650'><subfield code='a'>Inheritance and succession</subfield><subfield code='v'>Fiction.</subfield></datafield><datafield ind1=' ' ind2='0' tag='650'><subfield code='a'>Social classes</subfield><subfield code='v'>Fiction.</subfield></datafield><datafield ind1=' ' ind2='0' tag='650'><subfield code='a'>Young women</subfield><subfield code='v'>Fiction.</subfield></datafield><datafield ind1=' ' ind2='0' tag='650'><subfield code='a'>Sisters</subfield><subfield code='v'>Fiction.</subfield></datafield><datafield ind1=' ' ind2='4' tag='655'><subfield code='a'>Electronic books.</subfield></datafield><datafield ind1=' ' ind2='0' tag='651'><subfield code='a'>England</subfield><subfield code='v'>Fiction.</subfield></datafield><datafield ind1=' ' ind2=' ' tag='776'><subfield code='z'>0-19-953557-4</subfield></datafield><datafield ind1=' ' ind2=' ' tag='776'><subfield code='z'>0-19-280478-2</subfield></datafield><datafield ind1='1' ind2=' ' tag='700'><subfield code='a'>Kinsley, James.</subfield></datafield><datafield ind1=' ' ind2='0' tag='830'><subfield code='a'>Oxford World&apos;s Classics</subfield></datafield><datafield ind1=' ' ind2=' ' tag='906'><subfield code='a'>BOOK</subfield></datafield><datafield ind1=' ' ind2=' ' tag='ADM'><subfield code='b'>2017-12-18 16:58:53</subfield><subfield code='e'>2670000000154623</subfield><subfield code='d'>PQNKB</subfield><subfield code='f'>20160803134623.0</subfield><subfield code='a'>2012-04-15 07:22:08</subfield><subfield code='c'>false</subfield></datafield><datafield ind1=' ' ind2=' ' tag='PRT'><subfield code='a'>53392514150003811</subfield><subfield code='b'>https://sandbox01-na.alma.exlibrisgroup.com/view/uresolver/01TULI_INST/openurl?u.ignore_date_coverage=true&amp;rft.mms_id=991036813442003811</subfield><subfield code='e'>EBSCOhost</subfield><subfield code='9'>Available</subfield><subfield code='c'>EBSCOhost Academic eBook Collection (North America)</subfield><subfield code='h'>613640000000000029</subfield><subfield code='8'>53392514150003811</subfield></datafield><datafield ind1=' ' ind2=' ' tag='PRT'><subfield code='a'>53404864120003811</subfield><subfield code='b'>https://sandbox01-na.alma.exlibrisgroup.com/view/uresolver/01TULI_INST/openurl?u.ignore_date_coverage=true&amp;rft.mms_id=991036813442003811</subfield><subfield code='e'>EBSCOhost</subfield><subfield code='9'>Available</subfield><subfield code='c'>eBook Public Library Collection - North America</subfield><subfield code='h'>613790000000001577</subfield><subfield code='8'>53404864120003811</subfield></datafield></record>