
<record xmlns='http://www.loc.gov/MARC21/slim'><leader>01422cam a22004454a 4500</leader><controlfield tag='005'>20170826031833.0</controlfield><controlfield tag='008'>020311s2002    ctuab    b    001 0 eng  </controlfield><controlfield tag='001'>991033142309703811</controlfield><datafield ind1=' ' ind2=' ' tag='010'><subfield code='a'>2002025313</subfield></datafield><datafield ind1=' ' ind2=' ' tag='020'><subfield code='a'>0275977927 (alk. paper)</subfield></datafield><datafield ind1=' ' ind2=' ' tag='035'><subfield code='a'>(PPT)b26011207-01tuli_inst</subfield></datafield><datafield ind1=' ' ind2=' ' tag='035'><subfield code='a'>(DLC)ocn489443519</subfield><subfield code='9'>ExL</subfield></datafield><datafield ind1=' ' ind2=' ' tag='035'><subfield code='a'>DLC  2002025313</subfield></datafield><datafield ind1=' ' ind2=' ' tag='035'><subfield code='a'>ocm49320551</subfield></datafield><datafield ind1=' ' ind2=' ' tag='035'><subfield code='a'>(OCLC)ocm49320551</subfield></datafield><datafield ind1=' ' ind2=' ' tag='040'><subfield code='a'>DLC</subfield><subfield code='c'>DLC</subfield><subfield code='d'>DLC</subfield></datafield><datafield ind1=' ' ind2=' ' tag='042'><subfield code='a'>pcc</subfield></datafield><datafield ind1=' ' ind2=' ' tag='043'><subfield code='a'>a-pp---</subfield></datafield><datafield ind1=' ' ind2=' ' tag='079'><subfield code='a'>ocm49320551</subfield></datafield><datafield ind1=' ' ind2=' ' tag='090'><subfield code='a'>GN671.N5</subfield><subfield code='b'>S776 2002</subfield></datafield><datafield ind1='1' ind2=' ' tag='100'><subfield code='a'>Stewart, Pamela J.</subfield></datafield><datafield ind1='1' ind2='0' tag='245'><subfield code='a'>Gender, song, and sensibility :</subfield><subfield code='b'>folktales and folksongs in the highlands of New Guinea /</subfield><subfield code='c'>Pamela J. Stewart and Andrew Strathern.</subfield></datafield><datafield ind1=' ' ind2=' ' tag='260'><subfield code='a'>Westport, Conn. :</subfield><subfield code='b'>Praeger,</subfield><subfield code='c'>2002.</subfield></datafield><datafield ind1=' ' ind2=' ' tag='300'><subfield code='a'>x, 235 p. :</subfield><subfield code='b'>ill., map ;</subfield><subfield code='c'>24 cm.</subfield></datafield><datafield ind1=' ' ind2=' ' tag='504'><subfield code='a'>Includes bibliographical references (p. [219]-230) and index.</subfield></datafield><datafield ind1=' ' ind2='0' tag='650'><subfield code='a'>Ethnology</subfield><subfield code='z'>Papua New Guinea.</subfield></datafield><datafield ind1=' ' ind2='0' tag='650'><subfield code='a'>Man-woman relationships</subfield><subfield code='z'>Papua New Guinea.</subfield></datafield><datafield ind1=' ' ind2='0' tag='650'><subfield code='a'>Tales</subfield><subfield code='z'>Papua New Guinea.</subfield></datafield><datafield ind1=' ' ind2='0' tag='650'><subfield code='a'>Folk songs</subfield><subfield code='z'>Papua New Guinea.</subfield></datafield><datafield ind1=' ' ind2='0' tag='651'><subfield code='a'>New Guinea</subfield><subfield code='x'>Social life and customs.</subfield></datafield><datafield ind1='1' ind2=' ' tag='700'><subfield code='a'>Strathern, Andrew.</subfield></datafield><datafield ind1=' ' ind2=' ' tag='901'><subfield code='a'>BNA</subfield></datafield><datafield ind1=' ' ind2=' ' tag='901'><subfield code='a'>R4327395</subfield></datafield><datafield ind1=' ' ind2=' ' tag='902'><subfield code='a'>110512</subfield></datafield><datafield ind1=' ' ind2=' ' tag='902'><subfield code='a'>021005AB0701</subfield></datafield><datafield ind1=' ' ind2=' ' tag='907'><subfield code='a'>.b26011207</subfield><subfield code='b'>p    </subfield><subfield code='c'>-</subfield></datafield><datafield ind1=' ' ind2=' ' tag='945'><subfield code='l'>pstk </subfield><subfield code='g'>1</subfield></datafield><datafield ind1=' ' ind2=' ' tag='979'><subfield code='a'>ocm49320551</subfield></datafield><datafield ind1=' ' ind2=' ' tag='998'><subfield code='b'>1</subfield><subfield code='c'>021018</subfield><subfield code='d'>m</subfield><subfield code='e'>a</subfield><subfield code='f'>-</subfield><subfield code='g'>0</subfield></datafield><datafield ind1=' ' ind2=' ' tag='998'><subfield code='b'>1</subfield><subfield code='c'>021018</subfield><subfield code='d'>m</subfield><subfield code='e'>a</subfield><subfield code='f'>-</subfield><subfield code='g'>0</subfield></datafield><datafield ind1=' ' ind2=' ' tag='ADM'><subfield code='b'>2018-06-20 03:52:09</subfield><subfield code='e'>b26011207-01tuli_inst</subfield><subfield code='d'>ILS</subfield><subfield code='a'>2017-06-20 13:48:52</subfield><subfield code='c'>false</subfield></datafield><datafield ind1='0' ind2=' ' tag='HLD'><subfield code='b'>MAIN</subfield><subfield code='c'>stacks</subfield><subfield code='h'>GN671.N5</subfield><subfield code='i'>S776 2002</subfield><subfield code='8'>22327494130003811</subfield></datafield><datafield ind1=' ' ind2=' ' tag='ITM'><subfield code='r'>22327494130003811</subfield><subfield code='b'>1</subfield><subfield code='h'>0</subfield><subfield code='g'>stacks</subfield><subfield code='t'>BOOK</subfield><subfield code='9'>39074015375819</subfield><subfield code='e'>stacks</subfield><subfield code='8'>23327494120003811</subfield><subfield code='a'>0</subfield><subfield code='q'>2017-06-20 13:48:52</subfield><subfield code='i'>GN671.N5 S776 2002</subfield><subfield code='d'>MAIN</subfield><subfield code='f'>MAIN</subfield></datafield></record>