
<record xmlns='http://www.loc.gov/MARC21/slim'><leader>01439nam a2200421 a 4500</leader><controlfield tag='005'>20170826030900.0</controlfield><controlfield tag='008'>950503s1994    nju      b    001 0 eng  </controlfield><controlfield tag='001'>991033887619703811</controlfield><datafield ind1=' ' ind2=' ' tag='010'><subfield code='a'>93041656</subfield></datafield><datafield ind1=' ' ind2=' ' tag='020'><subfield code='a'>1560000481</subfield></datafield><datafield ind1=' ' ind2=' ' tag='035'><subfield code='a'>(PPT)b1696410x-01tuli_inst</subfield></datafield><datafield ind1=' ' ind2=' ' tag='035'><subfield code='a'>(CStRLIN)ocn477042343</subfield><subfield code='9'>ExL</subfield></datafield><datafield ind1=' ' ind2=' ' tag='035'><subfield code='a'>PATG95-B27604</subfield></datafield><datafield ind1=' ' ind2=' ' tag='035'><subfield code='a'>ocm29314949</subfield></datafield><datafield ind1=' ' ind2=' ' tag='035'><subfield code='a'>(OCLC)ocm29314949</subfield></datafield><datafield ind1=' ' ind2=' ' tag='040'><subfield code='a'>DLC</subfield><subfield code='c'>DLC</subfield><subfield code='d'>DLC</subfield></datafield><datafield ind1=' ' ind2=' ' tag='043'><subfield code='a'>n-us---</subfield></datafield><datafield ind1=' ' ind2=' ' tag='079'><subfield code='a'>ocm29314949</subfield></datafield><datafield ind1=' ' ind2=' ' tag='090'><subfield code='a'>HN90.S6B34 1994</subfield></datafield><datafield ind1='1' ind2=' ' tag='100'><subfield code='a'>Baltzell, E. Digby</subfield><subfield code='q'>(Edward Digby),</subfield><subfield code='d'>1915-</subfield></datafield><datafield ind1='1' ind2='0' tag='245'><subfield code='a'>Judgment and sensibility :</subfield><subfield code='b'>religion and stratification /</subfield><subfield code='c'>E. Digby Baltzell ; edited and with an introduction by Howard G. Schneiderman.</subfield></datafield><datafield ind1=' ' ind2=' ' tag='260'><subfield code='a'>New Brunswick, N.J. :</subfield><subfield code='b'>Transaction Publishers,</subfield><subfield code='c'>c1994.</subfield></datafield><datafield ind1=' ' ind2=' ' tag='300'><subfield code='a'>313 p. ;</subfield><subfield code='c'>24 cm.</subfield></datafield><datafield ind1=' ' ind2=' ' tag='504'><subfield code='a'>Includes bibliographical references and index.</subfield></datafield><datafield ind1=' ' ind2='0' tag='650'><subfield code='a'>Social classes</subfield><subfield code='z'>United States.</subfield></datafield><datafield ind1=' ' ind2='0' tag='650'><subfield code='a'>Upper class</subfield><subfield code='z'>United States.</subfield></datafield><datafield ind1=' ' ind2='0' tag='650'><subfield code='a'>Elite (Social sciences)</subfield><subfield code='z'>United States.</subfield></datafield><datafield ind1=' ' ind2='0' tag='650'><subfield code='a'>WASPs (Persons)</subfield><subfield code='z'>United States.</subfield></datafield><datafield ind1='1' ind2=' ' tag='700'><subfield code='a'>Schneiderman, Howard G.</subfield></datafield><datafield ind1=' ' ind2=' ' tag='902'><subfield code='a'>091218</subfield></datafield><datafield ind1=' ' ind2=' ' tag='907'><subfield code='a'>.b1696410x</subfield><subfield code='b'>p    </subfield><subfield code='c'>-</subfield></datafield><datafield ind1=' ' ind2=' ' tag='935'><subfield code='a'>00758007</subfield></datafield><datafield ind1=' ' ind2=' ' tag='945'><subfield code='l'>pstk </subfield><subfield code='g'>1</subfield></datafield><datafield ind1=' ' ind2=' ' tag='950'><subfield code='l'>P</subfield><subfield code='i'>05/03/95 N</subfield></datafield><datafield ind1=' ' ind2=' ' tag='955'><subfield code='l'>P</subfield><subfield code='c'>0</subfield><subfield code='r'>39074010492296</subfield><subfield code='i'>05/03/95 C</subfield></datafield><datafield ind1=' ' ind2=' ' tag='979'><subfield code='a'>ocm29314949</subfield></datafield><datafield ind1=' ' ind2=' ' tag='998'><subfield code='b'>1</subfield><subfield code='c'>990101</subfield><subfield code='d'>m</subfield><subfield code='e'>a</subfield><subfield code='f'>-</subfield><subfield code='g'>0</subfield></datafield><datafield ind1=' ' ind2=' ' tag='998'><subfield code='a'>05/03/95</subfield><subfield code='t'>c</subfield><subfield code='s'>9110</subfield><subfield code='l'>PATG</subfield><subfield code='n'>PPT</subfield><subfield code='w'>DCLC9341656B</subfield><subfield code='d'>05/03/95</subfield><subfield code='c'>MFK</subfield><subfield code='b'>MK</subfield><subfield code='i'>950503</subfield></datafield><datafield ind1=' ' ind2=' ' tag='ADM'><subfield code='b'>2018-06-20 04:07:38</subfield><subfield code='e'>b1696410x-01tuli_inst</subfield><subfield code='d'>ILS</subfield><subfield code='a'>2017-06-20 09:22:16</subfield><subfield code='c'>false</subfield></datafield><datafield ind1='0' ind2=' ' tag='HLD'><subfield code='b'>MAIN</subfield><subfield code='c'>stacks</subfield><subfield code='h'>HN90.S6B34 1994</subfield><subfield code='8'>22293313530003811</subfield></datafield><datafield ind1=' ' ind2=' ' tag='ITM'><subfield code='r'>22293313530003811</subfield><subfield code='b'>1</subfield><subfield code='h'>0</subfield><subfield code='g'>stacks</subfield><subfield code='t'>BOOK</subfield><subfield code='9'>39074010492296</subfield><subfield code='e'>stacks</subfield><subfield code='8'>23293313520003811</subfield><subfield code='a'>0</subfield><subfield code='q'>2017-06-20 09:22:16</subfield><subfield code='i'>HN90.S6B34 1994</subfield><subfield code='d'>MAIN</subfield><subfield code='f'>MAIN</subfield></datafield></record>