
<record xmlns='http://www.loc.gov/MARC21/slim'><leader>01442pam a2200433 a 4500</leader><controlfield tag='005'>20170825185846.0</controlfield><controlfield tag='008'>090729s2010    enk      b    001 0 eng  </controlfield><controlfield tag='001'>991000909909703811</controlfield><datafield ind1=' ' ind2=' ' tag='020'><subfield code='a'>0230517129 (hbk.)</subfield></datafield><datafield ind1=' ' ind2=' ' tag='020'><subfield code='a'>9780230517127 (hbk.)</subfield></datafield><datafield ind1=' ' ind2=' ' tag='020'><subfield code='a'>0230517137 (pbk.)</subfield></datafield><datafield ind1=' ' ind2=' ' tag='020'><subfield code='a'>9780230517134 (pbk.)</subfield></datafield><datafield ind1=' ' ind2=' ' tag='035'><subfield code='a'>(PPT)b42002485-01tuli_inst</subfield></datafield><datafield ind1=' ' ind2=' ' tag='035'><subfield code='a'>(OCoLC)ocn668308576</subfield><subfield code='9'>ExL</subfield></datafield><datafield ind1=' ' ind2=' ' tag='035'><subfield code='a'>(OCoLC)318873498</subfield></datafield><datafield ind1=' ' ind2=' ' tag='035'><subfield code='a'>ocn318873498</subfield></datafield><datafield ind1=' ' ind2=' ' tag='035'><subfield code='a'>(OCLC)ocn318873498</subfield></datafield><datafield ind1=' ' ind2=' ' tag='040'><subfield code='a'>UKM</subfield><subfield code='c'>UKM</subfield><subfield code='d'>BTCTA</subfield><subfield code='d'>BWKUK</subfield></datafield><datafield ind1=' ' ind2=' ' tag='079'><subfield code='a'>ocn318873498</subfield></datafield><datafield ind1=' ' ind2=' ' tag='090'><subfield code='a'>PR4037</subfield><subfield code='b'>.B378 2010</subfield></datafield><datafield ind1='1' ind2=' ' tag='100'><subfield code='a'>Bautz, Annika.</subfield></datafield><datafield ind1='1' ind2='0' tag='245'><subfield code='a'>Jane Austen :</subfield><subfield code='b'>Sense and sensibility, Pride and prejudice, Emma /</subfield><subfield code='c'>Annika Bautz.</subfield></datafield><datafield ind1=' ' ind2=' ' tag='260'><subfield code='a'>Basingstoke [England] ;</subfield><subfield code='a'>New York :</subfield><subfield code='b'>Palgrave Macmillan,</subfield><subfield code='c'>2010.</subfield></datafield><datafield ind1=' ' ind2=' ' tag='300'><subfield code='a'>viii, 166 p. ;</subfield><subfield code='c'>23 cm.</subfield></datafield><datafield ind1='0' ind2=' ' tag='490'><subfield code='a'>Readers&apos; guides to essential criticism</subfield></datafield><datafield ind1=' ' ind2=' ' tag='504'><subfield code='a'>Includes bibliographical references and index.</subfield></datafield><datafield ind1='1' ind2='0' tag='600'><subfield code='a'>Austen, Jane,</subfield><subfield code='d'>1775-1817.</subfield><subfield code='t'>Sense and sensibility.</subfield></datafield><datafield ind1='1' ind2='0' tag='600'><subfield code='a'>Austen, Jane,</subfield><subfield code='d'>1775-1817.</subfield><subfield code='t'>Pride and prejudice.</subfield></datafield><datafield ind1='1' ind2='0' tag='600'><subfield code='a'>Austen, Jane,</subfield><subfield code='d'>1775-1817.</subfield><subfield code='t'>Emma.</subfield></datafield><datafield ind1=' ' ind2=' ' tag='901'><subfield code='a'>BNA</subfield></datafield><datafield ind1=' ' ind2=' ' tag='901'><subfield code='a'>R1823517</subfield></datafield><datafield ind1=' ' ind2=' ' tag='902'><subfield code='a'>111204</subfield></datafield><datafield ind1=' ' ind2=' ' tag='902'><subfield code='a'>100127AB0701</subfield></datafield><datafield ind1='0' ind2='0' tag='905'><subfield code='a'>Readers&apos; guides to essential criticism.  (Paper ed.)</subfield></datafield><datafield ind1=' ' ind2=' ' tag='907'><subfield code='a'>.b42002485</subfield><subfield code='b'>p    </subfield><subfield code='c'>-</subfield></datafield><datafield ind1=' ' ind2=' ' tag='945'><subfield code='l'>pstk </subfield><subfield code='g'>1</subfield></datafield><datafield ind1=' ' ind2=' ' tag='979'><subfield code='a'>ocn318873498</subfield></datafield><datafield ind1=' ' ind2=' ' tag='998'><subfield code='b'>1</subfield><subfield code='c'>100205</subfield><subfield code='d'>m</subfield><subfield code='e'>a</subfield><subfield code='f'>-</subfield><subfield code='g'>0</subfield></datafield><datafield ind1=' ' ind2=' ' tag='998'><subfield code='b'>1</subfield><subfield code='c'>100205</subfield><subfield code='d'>m</subfield><subfield code='e'>a</subfield><subfield code='f'>-</subfield><subfield code='g'>0</subfield></datafield><datafield ind1=' ' ind2=' ' tag='ADM'><subfield code='b'>2018-06-18 15:57:54</subfield><subfield code='e'>b42002485-01tuli_inst</subfield><subfield code='d'>ILS</subfield><subfield code='a'>2017-06-20 06:24:45</subfield><subfield code='c'>false</subfield></datafield><datafield ind1='0' ind2=' ' tag='HLD'><subfield code='b'>MAIN</subfield><subfield code='c'>stacks</subfield><subfield code='h'>PR4037</subfield><subfield code='i'>.B378 2010</subfield><subfield code='8'>22247218550003811</subfield></datafield><datafield ind1=' ' ind2=' ' tag='ITM'><subfield code='r'>22247218550003811</subfield><subfield code='b'>1</subfield><subfield code='h'>0</subfield><subfield code='g'>stacks</subfield><subfield code='t'>BOOK</subfield><subfield code='9'>39074024306847</subfield><subfield code='e'>stacks</subfield><subfield code='8'>23247218540003811</subfield><subfield code='a'>0</subfield><subfield code='q'>2017-06-20 06:24:45</subfield><subfield code='i'>PR4037 .B378 2010</subfield><subfield code='d'>MAIN</subfield><subfield code='f'>MAIN</subfield></datafield></record>