
<record xmlns='http://www.loc.gov/MARC21/slim'><leader>01450nam a22004338  4500</leader><controlfield tag='005'>20180618103738.0</controlfield><controlfield tag='008'>850529s1985    enkg     b    00110 eng  </controlfield><controlfield tag='001'>991015472409703811</controlfield><datafield ind1=' ' ind2=' ' tag='010'><subfield code='a'>83007801/MN</subfield></datafield><datafield ind1=' ' ind2=' ' tag='020'><subfield code='a'>0521230853 (v. 1)</subfield></datafield><datafield ind1=' ' ind2=' ' tag='020'><subfield code='a'>0521303605 (v. 2)</subfield></datafield><datafield ind1=' ' ind2=' ' tag='035'><subfield code='a'>(PPT)b13153754-01tuli_inst</subfield></datafield><datafield ind1=' ' ind2=' ' tag='035'><subfield code='a'>ocn471275191</subfield><subfield code='9'>ExL</subfield></datafield><datafield ind1=' ' ind2=' ' tag='035'><subfield code='a'>PATG85-B14373</subfield></datafield><datafield ind1=' ' ind2=' ' tag='035'><subfield code='a'>ocm09686528</subfield></datafield><datafield ind1=' ' ind2=' ' tag='035'><subfield code='a'>(OCLC)ocm09686528</subfield></datafield><datafield ind1=' ' ind2=' ' tag='040'><subfield code='d'>CStRLIN</subfield><subfield code='d'>PPT</subfield></datafield><datafield ind1=' ' ind2=' ' tag='043'><subfield code='a'>e-uk-en</subfield></datafield><datafield ind1=' ' ind2=' ' tag='079'><subfield code='a'>ocm09686528</subfield></datafield><datafield ind1=' ' ind2=' ' tag='090'><subfield code='a'>ML2831.B35 1985</subfield></datafield><datafield ind1='1' ind2='0' tag='100'><subfield code='a'>Banfield, Stephen,</subfield><subfield code='d'>1951-</subfield></datafield><datafield ind1='1' ind2='0' tag='245'><subfield code='a'>Sensibility and English song :</subfield><subfield code='b'>critical studies of the early 20th century /</subfield><subfield code='c'>Stephen Banfield.</subfield></datafield><datafield ind1=' ' ind2=' ' tag='260'><subfield code='a'>Cambridge [Cambridgeshire] ;</subfield><subfield code='a'>New York :</subfield><subfield code='b'>Cambridge University Press,</subfield><subfield code='c'>1985.</subfield></datafield><datafield ind1=' ' ind2=' ' tag='300'><subfield code='a'>2 v. :</subfield><subfield code='b'>music ;</subfield><subfield code='c'>26 cm.</subfield></datafield><datafield ind1=' ' ind2=' ' tag='500'><subfield code='a'>Includes index.</subfield></datafield><datafield ind1=' ' ind2=' ' tag='504'><subfield code='a'>Bibliography: p. 531-542, v.2.</subfield></datafield><datafield ind1=' ' ind2='0' tag='650'><subfield code='a'>Songs</subfield><subfield code='z'>England</subfield><subfield code='y'>20th century</subfield><subfield code='x'>History and criticism.</subfield></datafield><datafield ind1=' ' ind2='0' tag='650'><subfield code='a'>Songs</subfield><subfield code='z'>England</subfield><subfield code='y'>20th century</subfield><subfield code='x'>Texts</subfield><subfield code='x'>History and criticism.</subfield></datafield><datafield ind1=' ' ind2='0' tag='650'><subfield code='a'>Music and literature.</subfield></datafield><datafield ind1=' ' ind2=' ' tag='902'><subfield code='a'>091216</subfield></datafield><datafield ind1=' ' ind2=' ' tag='907'><subfield code='a'>.b13153754</subfield><subfield code='b'>p    </subfield><subfield code='c'>-</subfield></datafield><datafield ind1=' ' ind2=' ' tag='935'><subfield code='a'>00335037</subfield></datafield><datafield ind1=' ' ind2=' ' tag='945'><subfield code='l'>pstk </subfield><subfield code='u'>v.v.2</subfield><subfield code='g'>1</subfield></datafield><datafield ind1=' ' ind2=' ' tag='945'><subfield code='l'>pstk </subfield><subfield code='u'>v.v.1</subfield><subfield code='g'>1</subfield></datafield><datafield ind1=' ' ind2=' ' tag='950'><subfield code='l'>P</subfield><subfield code='v'>v.1 &amp; 2</subfield><subfield code='n'>#9</subfield><subfield code='i'>05/29/85 C</subfield></datafield><datafield ind1=' ' ind2=' ' tag='955'><subfield code='l'>P</subfield><subfield code='c'>(v.1 &amp; 2)</subfield><subfield code='i'>05/29/85 C</subfield></datafield><datafield ind1=' ' ind2=' ' tag='979'><subfield code='a'>ocm09686528</subfield></datafield><datafield ind1=' ' ind2=' ' tag='998'><subfield code='b'>2</subfield><subfield code='c'>990101</subfield><subfield code='d'>m</subfield><subfield code='e'>a</subfield><subfield code='f'>-</subfield><subfield code='g'>0</subfield></datafield><datafield ind1=' ' ind2=' ' tag='998'><subfield code='a'>05/29/85</subfield><subfield code='t'>c</subfield><subfield code='s'>9110</subfield><subfield code='n'>PPT</subfield><subfield code='w'>DCLC837801B</subfield><subfield code='d'>05/29/85</subfield><subfield code='c'>MFK</subfield><subfield code='b'>MK</subfield><subfield code='i'>850529</subfield><subfield code='l'>PATG</subfield></datafield><datafield ind1=' ' ind2=' ' tag='ADM'><subfield code='b'>2018-06-18 14:37:38</subfield><subfield code='e'>b13153754-01tuli_inst</subfield><subfield code='d'>ILS</subfield><subfield code='a'>2017-06-20 08:03:59</subfield><subfield code='c'>false</subfield></datafield><datafield ind1='0' ind2=' ' tag='HLD'><subfield code='b'>MAIN</subfield><subfield code='c'>stacks</subfield><subfield code='h'>ML2831.B35 1985</subfield><subfield code='8'>22276845580003811</subfield></datafield><datafield ind1=' ' ind2=' ' tag='ITM'><subfield code='r'>22276845580003811</subfield><subfield code='b'>1</subfield><subfield code='h'>0</subfield><subfield code='g'>stacks</subfield><subfield code='t'>BOOK</subfield><subfield code='9'>39074005724281</subfield><subfield code='e'>stacks</subfield><subfield code='8'>23276845560003811</subfield><subfield code='c'>v.1</subfield><subfield code='a'>0</subfield><subfield code='q'>2017-06-20 08:03:59</subfield><subfield code='i'>ML2831.B35 1985</subfield><subfield code='d'>MAIN</subfield><subfield code='f'>MAIN</subfield></datafield><datafield ind1=' ' ind2=' ' tag='ITM'><subfield code='r'>22276845580003811</subfield><subfield code='b'>1</subfield><subfield code='h'>0</subfield><subfield code='g'>stacks</subfield><subfield code='t'>BOOK</subfield><subfield code='9'>39074002607620</subfield><subfield code='e'>stacks</subfield><subfield code='8'>23276845570003811</subfield><subfield code='c'>v.2</subfield><subfield code='a'>0</subfield><subfield code='q'>2017-06-20 08:03:59</subfield><subfield code='i'>ML2831.B35 1985</subfield><subfield code='d'>MAIN</subfield><subfield code='f'>MAIN</subfield></datafield></record>