
<record xmlns='http://www.loc.gov/MARC21/slim'><leader>01452nam a2200433 a 4500</leader><controlfield tag='005'>20180315120356.0</controlfield><controlfield tag='008'>970417s1996    enk      b    001 0 eng  </controlfield><controlfield tag='001'>991000376719703811</controlfield><datafield ind1=' ' ind2=' ' tag='010'><subfield code='a'>96005462</subfield></datafield><datafield ind1=' ' ind2=' ' tag='020'><subfield code='a'>0198183704</subfield></datafield><datafield ind1=' ' ind2=' ' tag='035'><subfield code='a'>(PPT)b17745834-01tuli_inst</subfield></datafield><datafield ind1=' ' ind2=' ' tag='035'><subfield code='a'>(CStRLIN)ocn478606925</subfield><subfield code='9'>ExL</subfield></datafield><datafield ind1=' ' ind2=' ' tag='035'><subfield code='a'>PATG97-B12076</subfield></datafield><datafield ind1=' ' ind2=' ' tag='035'><subfield code='a'>ocm34323146</subfield></datafield><datafield ind1=' ' ind2=' ' tag='035'><subfield code='a'>(OCLC)ocm34323146</subfield></datafield><datafield ind1=' ' ind2=' ' tag='040'><subfield code='a'>DLC</subfield><subfield code='c'>DLC</subfield><subfield code='d'>DLC</subfield></datafield><datafield ind1=' ' ind2=' ' tag='043'><subfield code='a'>e-uk---</subfield></datafield><datafield ind1=' ' ind2=' ' tag='079'><subfield code='a'>ocm34323146</subfield></datafield><datafield ind1=' ' ind2=' ' tag='090'><subfield code='a'>PR585.S46M35 1996</subfield></datafield><datafield ind1='1' ind2=' ' tag='100'><subfield code='a'>McGann, Jerome J.</subfield></datafield><datafield ind1='1' ind2='4' tag='245'><subfield code='a'>The poetics of sensibility :</subfield><subfield code='b'>a revolution in literary style /</subfield><subfield code='c'>Jerome McGann.</subfield></datafield><datafield ind1=' ' ind2=' ' tag='260'><subfield code='a'>Oxford ;</subfield><subfield code='a'>New York :</subfield><subfield code='b'>Clarendon Press,</subfield><subfield code='c'>1996.</subfield></datafield><datafield ind1=' ' ind2=' ' tag='300'><subfield code='a'>x, 217 p. ;</subfield><subfield code='c'>23 cm.</subfield></datafield><datafield ind1=' ' ind2=' ' tag='504'><subfield code='a'>Includes bibliographical references (p. [207]-213) and index.</subfield></datafield><datafield ind1=' ' ind2='0' tag='650'><subfield code='a'>English poetry</subfield><subfield code='y'>19th century</subfield><subfield code='x'>History and criticism.</subfield></datafield><datafield ind1=' ' ind2='0' tag='650'><subfield code='a'>Sentimentalism in literature.</subfield></datafield><datafield ind1=' ' ind2='0' tag='650'><subfield code='a'>English poetry</subfield><subfield code='x'>Women authors</subfield><subfield code='x'>History and criticism.</subfield></datafield><datafield ind1=' ' ind2='0' tag='650'><subfield code='a'>Senses and sensation in literature.</subfield></datafield><datafield ind1=' ' ind2='0' tag='650'><subfield code='a'>Romanticism</subfield><subfield code='z'>Great Britain.</subfield></datafield><datafield ind1=' ' ind2='0' tag='650'><subfield code='a'>Emotions in literature.</subfield></datafield><datafield ind1=' ' ind2='0' tag='650'><subfield code='a'>Literary style.</subfield></datafield><datafield ind1=' ' ind2=' ' tag='907'><subfield code='a'>.b17745834</subfield><subfield code='b'>p    </subfield><subfield code='c'>-</subfield></datafield><datafield ind1=' ' ind2=' ' tag='935'><subfield code='a'>00842394</subfield></datafield><datafield ind1=' ' ind2=' ' tag='945'><subfield code='l'>pstk </subfield><subfield code='g'>1</subfield></datafield><datafield ind1=' ' ind2=' ' tag='950'><subfield code='l'>P</subfield><subfield code='i'>04/17/97 N</subfield></datafield><datafield ind1=' ' ind2=' ' tag='955'><subfield code='l'>P</subfield><subfield code='c'>0</subfield><subfield code='r'>39074010642718</subfield><subfield code='i'>04/17/97 C</subfield></datafield><datafield ind1=' ' ind2=' ' tag='979'><subfield code='a'>ocm34323146</subfield></datafield><datafield ind1=' ' ind2=' ' tag='998'><subfield code='b'>1</subfield><subfield code='c'>990101</subfield><subfield code='d'>m</subfield><subfield code='e'>a</subfield><subfield code='f'>-</subfield><subfield code='g'>4</subfield></datafield><datafield ind1=' ' ind2=' ' tag='998'><subfield code='a'>04/17/97</subfield><subfield code='t'>c</subfield><subfield code='s'>9110</subfield><subfield code='l'>PATG</subfield><subfield code='n'>PPT</subfield><subfield code='w'>DCLC965462B</subfield><subfield code='d'>04/17/97</subfield><subfield code='c'>MFK</subfield><subfield code='b'>MK</subfield></datafield><datafield ind1=' ' ind2=' ' tag='ADM'><subfield code='b'>2018-07-08 09:03:16</subfield><subfield code='e'>b17745834-01tuli_inst</subfield><subfield code='d'>ILS</subfield><subfield code='a'>2017-06-20 06:46:01</subfield><subfield code='c'>false</subfield></datafield><datafield ind1='0' ind2=' ' tag='HLD'><subfield code='b'>MAIN</subfield><subfield code='c'>stacks</subfield><subfield code='h'>PR585.S46M35 1996</subfield><subfield code='8'>22254172060003811</subfield></datafield><datafield ind1=' ' ind2=' ' tag='ITM'><subfield code='r'>22254172060003811</subfield><subfield code='b'>0</subfield><subfield code='u'>LOAN</subfield><subfield code='h'>0</subfield><subfield code='g'>stacks</subfield><subfield code='t'>BOOK</subfield><subfield code='9'>39074010642718</subfield><subfield code='e'>stacks</subfield><subfield code='8'>23254172050003811</subfield><subfield code='a'>0</subfield><subfield code='q'>2017-06-20 06:46:01</subfield><subfield code='i'>PR585.S46M35 1996</subfield><subfield code='d'>MAIN</subfield><subfield code='f'>MAIN</subfield></datafield></record>