
<record xmlns='http://www.loc.gov/MARC21/slim'><leader>01510cam a22003731a 4500</leader><controlfield tag='005'>20021212173302.0</controlfield><controlfield tag='007'>cr mn mmmmabba</controlfield><controlfield tag='008'>860804s1785    ctu     s     000 0 eng d</controlfield><controlfield tag='001'>991010471309703811</controlfield><datafield ind1=' ' ind2=' ' tag='035'><subfield code='a'>(PPT)b29567610-01tuli_inst</subfield></datafield><datafield ind1=' ' ind2=' ' tag='035'><subfield code='a'>ocn493094333</subfield><subfield code='9'>ExL</subfield></datafield><datafield ind1=' ' ind2=' ' tag='035'><subfield code='z'>w024082</subfield></datafield><datafield ind1=' ' ind2=' ' tag='035'><subfield code='a'>MAAR8608043905B</subfield></datafield><datafield ind1=' ' ind2=' ' tag='035'><subfield code='9'>mwa91-10963</subfield></datafield><datafield ind1=' ' ind2=' ' tag='035'><subfield code='a'>340959</subfield></datafield><datafield ind1=' ' ind2=' ' tag='040'><subfield code='a'>MWA</subfield><subfield code='c'>MWA</subfield><subfield code='e'>bdrb</subfield></datafield><datafield ind1=' ' ind2=' ' tag='079'><subfield code='a'>ocm62832840</subfield></datafield><datafield ind1='1' ind2=' ' tag='100'><subfield code='a'>More, Hannah,</subfield><subfield code='d'>1745-1833.</subfield></datafield><datafield ind1='1' ind2='0' tag='245'><subfield code='a'>Sensibility:</subfield><subfield code='h'>[electronic resource] :</subfield><subfield code='b'>a poetical epistle to the Hon. Mrs. Boscawen. /</subfield><subfield code='c'>By Miss H. More. ; [Two lines from Shakespeare]</subfield></datafield><datafield ind1=' ' ind2=' ' tag='260'><subfield code='a'>New-Haven: :</subfield><subfield code='b'>Printed by Meigs, Bowen and Dana,</subfield><subfield code='c'>[1785]</subfield></datafield><datafield ind1=' ' ind2=' ' tag='300'><subfield code='a'>16 p.</subfield></datafield><datafield ind1=' ' ind2=' ' tag='500'><subfield code='a'>Date of publication supplied by Evans.</subfield></datafield><datafield ind1='4' ind2=' ' tag='510'><subfield code='a'>Evans</subfield><subfield code='c'>19102</subfield></datafield><datafield ind1=' ' ind2=' ' tag='530'><subfield code='a'>Microform version available in the Readex Early American Imprints series.</subfield></datafield><datafield ind1=' ' ind2=' ' tag='533'><subfield code='a'>Electronic text and image data.</subfield><subfield code='b'>[Chester, Vt. :</subfield><subfield code='c'>Readex, a division of Newsbank, Inc.,</subfield><subfield code='d'>2002-2004.</subfield><subfield code='e'>Includes files in TIFF, GIF and PDF formats with inclusion of keyword searchable text.</subfield><subfield code='f'>(Early American imprints. First series ; no. 19102).</subfield></datafield><datafield ind1=' ' ind2='7' tag='655'><subfield code='a'>Poems</subfield><subfield code='y'>1785.</subfield><subfield code='2'>rbgenr.</subfield></datafield><datafield ind1=' ' ind2=' ' tag='752'><subfield code='a'>United States</subfield><subfield code='b'>Connecticut</subfield><subfield code='d'>New Haven.</subfield></datafield><datafield ind1=' ' ind2='0' tag='830'><subfield code='a'>Early American imprints.</subfield><subfield code='n'>First series ;</subfield><subfield code='v'>no. 19102.</subfield></datafield><datafield ind1='4' ind2='1' tag='856'><subfield code='u'>http://opac.newsbank.com/select/evans/19102</subfield><subfield code='y'>Evans Digital Edition</subfield></datafield><datafield ind1=' ' ind2=' ' tag='907'><subfield code='a'>.b29567610</subfield><subfield code='b'>w    </subfield><subfield code='c'>-</subfield></datafield><datafield ind1=' ' ind2=' ' tag='902'><subfield code='a'>130112</subfield></datafield><datafield ind1=' ' ind2=' ' tag='998'><subfield code='b'>1</subfield><subfield code='c'>051217</subfield><subfield code='d'>m</subfield><subfield code='e'>@</subfield><subfield code='f'>-</subfield><subfield code='g'>0</subfield></datafield><datafield ind1=' ' ind2=' ' tag='902'><subfield code='a'>e-resources trial</subfield></datafield><datafield ind1=' ' ind2=' ' tag='998'><subfield code='b'>1</subfield><subfield code='c'>051217</subfield><subfield code='d'>m</subfield><subfield code='e'>a</subfield><subfield code='f'>n</subfield><subfield code='g'>0</subfield></datafield><datafield ind1=' ' ind2=' ' tag='945'><subfield code='l'>w    </subfield><subfield code='g'>1</subfield></datafield><datafield ind1=' ' ind2=' ' tag='ADM'><subfield code='b'>2017-11-20 08:17:26</subfield><subfield code='e'>b29567610-01tuli_inst</subfield><subfield code='d'>ILS</subfield><subfield code='a'>2017-06-20 12:43:45</subfield><subfield code='c'>false</subfield></datafield><datafield ind1=' ' ind2=' ' tag='PRT'><subfield code='a'>53387100570003811</subfield><subfield code='b'>https://sandbox01-na.alma.exlibrisgroup.com/view/uresolver/01TULI_INST/openurl?u.ignore_date_coverage=true&amp;rft.mms_id=991010471309703811</subfield><subfield code='9'>Available</subfield><subfield code='d'>MAIN</subfield><subfield code='c'>Early American imprints, First Series</subfield><subfield code='8'>53387100570003811</subfield></datafield></record>