
<record xmlns='http://www.loc.gov/MARC21/slim'><leader>01541cam a22004094a 4500</leader><controlfield tag='005'>20170825231345.0</controlfield><controlfield tag='008'>060216s2006    nvu      b    001 0 eng  </controlfield><controlfield tag='001'>991025534349703811</controlfield><datafield ind1=' ' ind2=' ' tag='010'><subfield code='a'>2006005769</subfield></datafield><datafield ind1=' ' ind2=' ' tag='020'><subfield code='a'>9781930972070 (hardcover : alk. paper)</subfield></datafield><datafield ind1=' ' ind2=' ' tag='020'><subfield code='a'>1930972075 (hardcover : alk. paper)</subfield></datafield><datafield ind1=' ' ind2=' ' tag='035'><subfield code='a'>(PPT)b33076078-01tuli_inst</subfield></datafield><datafield ind1=' ' ind2=' ' tag='035'><subfield code='a'>(DLC)ocn492250115</subfield><subfield code='9'>ExL</subfield></datafield><datafield ind1=' ' ind2=' ' tag='035'><subfield code='a'>  2006005769</subfield></datafield><datafield ind1=' ' ind2=' ' tag='035'><subfield code='a'>ocm64442775</subfield></datafield><datafield ind1=' ' ind2=' ' tag='035'><subfield code='a'>(OCLC)ocm64442775</subfield></datafield><datafield ind1=' ' ind2=' ' tag='040'><subfield code='a'>DLC</subfield><subfield code='c'>DLC</subfield><subfield code='d'>DLC</subfield></datafield><datafield ind1=' ' ind2=' ' tag='042'><subfield code='a'>pcc</subfield></datafield><datafield ind1=' ' ind2=' ' tag='079'><subfield code='a'>ocm64442775</subfield></datafield><datafield ind1=' ' ind2=' ' tag='090'><subfield code='a'>BJ1012</subfield><subfield code='b'>.S475 2006</subfield></datafield><datafield ind1='1' ind2=' ' tag='100'><subfield code='a'>Silliman, Matthew R.,</subfield><subfield code='d'>1956-</subfield></datafield><datafield ind1='1' ind2='0' tag='245'><subfield code='a'>Sentience and sensibility :</subfield><subfield code='b'>a conversation about moral philosophy /</subfield><subfield code='c'>Matthew R. Silliman.</subfield></datafield><datafield ind1=' ' ind2=' ' tag='260'><subfield code='a'>Las Vegas, Nev. :</subfield><subfield code='b'>Parmenides Pub.,</subfield><subfield code='c'>2006.</subfield></datafield><datafield ind1=' ' ind2=' ' tag='300'><subfield code='a'>xix, 327 p. ;</subfield><subfield code='c'>21 cm.</subfield></datafield><datafield ind1=' ' ind2=' ' tag='504'><subfield code='a'>Includes bibliographical references (p. 315-319) and index.</subfield></datafield><datafield ind1='0' ind2=' ' tag='505'><subfield code='a'>Original value -- Value incrementalism -- A normative proposal -- Valuing development -- The many faces of value -- Direct and indirect moral considerability -- Affirming moral theories -- Ethical vegetarianism? -- The possibility of an environmental ethic -- Racism and moral perfectionism -- The bankruptcy of moral relativism.</subfield></datafield><datafield ind1=' ' ind2='0' tag='650'><subfield code='a'>Ethics.</subfield></datafield><datafield ind1=' ' ind2='0' tag='650'><subfield code='a'>Values.</subfield></datafield><datafield ind1=' ' ind2=' ' tag='901'><subfield code='a'>BNA</subfield></datafield><datafield ind1=' ' ind2=' ' tag='901'><subfield code='a'>X8J39683</subfield></datafield><datafield ind1=' ' ind2=' ' tag='902'><subfield code='a'>120428</subfield></datafield><datafield ind1=' ' ind2=' ' tag='902'><subfield code='a'>071128  7001</subfield></datafield><datafield ind1=' ' ind2=' ' tag='907'><subfield code='a'>.b33076078</subfield><subfield code='b'>p    </subfield><subfield code='c'>-</subfield></datafield><datafield ind1=' ' ind2=' ' tag='945'><subfield code='l'>pstk </subfield><subfield code='g'>1</subfield></datafield><datafield ind1=' ' ind2=' ' tag='979'><subfield code='a'>ocm64442775</subfield></datafield><datafield ind1=' ' ind2=' ' tag='998'><subfield code='b'>0</subfield><subfield code='c'>071214</subfield><subfield code='d'>m</subfield><subfield code='e'>a</subfield><subfield code='f'>-</subfield><subfield code='g'>0</subfield></datafield><datafield ind1=' ' ind2=' ' tag='998'><subfield code='b'>0</subfield><subfield code='c'>071214</subfield><subfield code='d'>m</subfield><subfield code='e'>a</subfield><subfield code='f'>-</subfield><subfield code='g'>0</subfield></datafield><datafield ind1=' ' ind2=' ' tag='ADM'><subfield code='b'>2018-06-20 00:58:48</subfield><subfield code='e'>b33076078-01tuli_inst</subfield><subfield code='d'>ILS</subfield><subfield code='a'>2017-06-20 13:26:49</subfield><subfield code='c'>false</subfield></datafield><datafield ind1='0' ind2=' ' tag='HLD'><subfield code='b'>MAIN</subfield><subfield code='c'>stacks</subfield><subfield code='h'>BJ1012</subfield><subfield code='i'>.S475 2006</subfield><subfield code='8'>22324986250003811</subfield></datafield><datafield ind1=' ' ind2=' ' tag='ITM'><subfield code='r'>22324986250003811</subfield><subfield code='b'>1</subfield><subfield code='h'>0</subfield><subfield code='g'>stacks</subfield><subfield code='t'>BOOK</subfield><subfield code='9'>39074023567217</subfield><subfield code='e'>stacks</subfield><subfield code='8'>23324986240003811</subfield><subfield code='a'>0</subfield><subfield code='q'>2017-06-20 13:26:49</subfield><subfield code='i'>BJ1012 .S475 2006</subfield><subfield code='d'>MAIN</subfield><subfield code='f'>MAIN</subfield></datafield></record>