
<record xmlns='http://www.loc.gov/MARC21/slim'><leader>01546cam a2200421 a 4500</leader><controlfield tag='005'>20180322145351.0</controlfield><controlfield tag='008'>030911s2004    enk      b    000 f eng  </controlfield><controlfield tag='001'>991002238909703811</controlfield><datafield ind1=' ' ind2=' ' tag='020'><subfield code='a'>0192804782</subfield></datafield><datafield ind1=' ' ind2=' ' tag='035'><subfield code='a'>(PPT)b27534480-01tuli_inst</subfield></datafield><datafield ind1=' ' ind2=' ' tag='035'><subfield code='a'>(CStRLIN)ocn490415012</subfield><subfield code='9'>ExL</subfield></datafield><datafield ind1=' ' ind2=' ' tag='035'><subfield code='a'>PPTb27534480</subfield></datafield><datafield ind1=' ' ind2=' ' tag='035'><subfield code='a'>ocm53871388</subfield></datafield><datafield ind1=' ' ind2=' ' tag='035'><subfield code='a'>(OCLC)ocm53871388</subfield></datafield><datafield ind1=' ' ind2=' ' tag='040'><subfield code='a'>UKM</subfield><subfield code='c'>UKM</subfield><subfield code='d'>C#P</subfield><subfield code='d'>PPT</subfield></datafield><datafield ind1=' ' ind2=' ' tag='043'><subfield code='a'>e-uk---</subfield><subfield code='a'>e-uk-en</subfield></datafield><datafield ind1=' ' ind2=' ' tag='079'><subfield code='a'>ocm53871388</subfield></datafield><datafield ind1=' ' ind2=' ' tag='090'><subfield code='a'>PR4034</subfield><subfield code='b'>.S4x 2004</subfield></datafield><datafield ind1='1' ind2=' ' tag='100'><subfield code='a'>Austen, Jane,</subfield><subfield code='d'>1775-1817.</subfield></datafield><datafield ind1='1' ind2='0' tag='245'><subfield code='a'>Sense and sensibility /</subfield><subfield code='c'>Jane Austen ; edited by James Kinsley ; with an introduction by Margaret Anne Doody ; notes by Claire Lamont.</subfield></datafield><datafield ind1=' ' ind2=' ' tag='250'><subfield code='a'>Rev. ed., new ed.</subfield></datafield><datafield ind1=' ' ind2=' ' tag='260'><subfield code='a'>Oxford ;</subfield><subfield code='a'>New York :</subfield><subfield code='b'>Oxford University Press,</subfield><subfield code='c'>2004.</subfield></datafield><datafield ind1=' ' ind2=' ' tag='300'><subfield code='a'>li, 327 p. ;</subfield><subfield code='c'>20 cm.</subfield></datafield><datafield ind1='1' ind2=' ' tag='490'><subfield code='a'>Oxford world&apos;s classics.</subfield></datafield><datafield ind1=' ' ind2=' ' tag='504'><subfield code='a'>Includes bibliographical references (p. [301]-327).</subfield></datafield><datafield ind1=' ' ind2='0' tag='650'><subfield code='a'>Young women</subfield><subfield code='z'>England</subfield><subfield code='x'>History</subfield><subfield code='y'>19th century</subfield><subfield code='v'>Fiction.</subfield></datafield><datafield ind1=' ' ind2='0' tag='650'><subfield code='a'>Sisters</subfield><subfield code='z'>England</subfield><subfield code='x'>History</subfield><subfield code='y'>19th century</subfield><subfield code='v'>Fiction.</subfield></datafield><datafield ind1=' ' ind2='0' tag='650'><subfield code='a'>Marriage</subfield><subfield code='z'>England</subfield><subfield code='x'>History</subfield><subfield code='y'>19th century</subfield><subfield code='v'>Fiction.</subfield></datafield><datafield ind1=' ' ind2='0' tag='651'><subfield code='a'>Great Britain</subfield><subfield code='x'>Social life and customs</subfield><subfield code='x'>History</subfield><subfield code='y'>19th century</subfield><subfield code='v'>Fiction.</subfield></datafield><datafield ind1='1' ind2=' ' tag='700'><subfield code='a'>Doody, Margaret Anne.</subfield></datafield><datafield ind1='1' ind2=' ' tag='700'><subfield code='a'>Lamont, Claire,</subfield><subfield code='d'>1942-</subfield></datafield><datafield ind1='1' ind2=' ' tag='700'><subfield code='a'>Kinsley, James.</subfield></datafield><datafield ind1=' ' ind2='0' tag='830'><subfield code='a'>Oxford world&apos;s classics (Oxford University Press)</subfield></datafield><datafield ind1=' ' ind2=' ' tag='907'><subfield code='a'>.b27534480</subfield><subfield code='b'>p    </subfield><subfield code='c'>-</subfield></datafield><datafield ind1=' ' ind2=' ' tag='945'><subfield code='l'>pstk </subfield><subfield code='g'>1</subfield></datafield><datafield ind1=' ' ind2=' ' tag='979'><subfield code='a'>ocm53871388</subfield></datafield><datafield ind1=' ' ind2=' ' tag='998'><subfield code='b'>0</subfield><subfield code='c'>050110</subfield><subfield code='d'>m</subfield><subfield code='e'>a</subfield><subfield code='f'>-</subfield><subfield code='g'>0</subfield></datafield><datafield ind1=' ' ind2=' ' tag='998'><subfield code='a'>10/01/05</subfield><subfield code='s'>RLIN</subfield><subfield code='c'>CDC</subfield></datafield><datafield ind1=' ' ind2=' ' tag='ADM'><subfield code='b'>2018-06-18 16:59:18</subfield><subfield code='e'>b27534480-01tuli_inst</subfield><subfield code='d'>ILS</subfield><subfield code='a'>2017-06-20 11:18:14</subfield><subfield code='c'>false</subfield></datafield><datafield ind1='0' ind2=' ' tag='HLD'><subfield code='b'>MAIN</subfield><subfield code='c'>stacks</subfield><subfield code='h'>PR4034</subfield><subfield code='i'>.S4x 2004</subfield><subfield code='8'>22310485290003811</subfield></datafield><datafield ind1=' ' ind2=' ' tag='ITM'><subfield code='r'>22310485290003811</subfield><subfield code='b'>1</subfield><subfield code='h'>0</subfield><subfield code='g'>stacks</subfield><subfield code='t'>BOOK</subfield><subfield code='9'>39074021673603</subfield><subfield code='e'>stacks</subfield><subfield code='8'>23310485280003811</subfield><subfield code='a'>0</subfield><subfield code='q'>2017-06-20 11:18:14</subfield><subfield code='i'>PR4034 .S4x 2004</subfield><subfield code='d'>MAIN</subfield><subfield code='f'>MAIN</subfield></datafield></record>