
<record xmlns='http://www.loc.gov/MARC21/slim'><leader>01563cam a2200313   4500</leader><controlfield tag='006'>m    |   j |      </controlfield><controlfield tag='007'>cr||n||||||||n</controlfield><controlfield tag='008'>810912s1787    enk|||| s     00||||eng d</controlfield><controlfield tag='005'>20180315190747.0</controlfield><controlfield tag='001'>991020138699703811</controlfield><datafield ind1=' ' ind2=' ' tag='035'><subfield code='a'>(PPT)b31842227-01tuli_inst</subfield></datafield><datafield ind1=' ' ind2=' ' tag='035'><subfield code='a'>(CStRLIN)ESTCT129340</subfield><subfield code='9'>ExL</subfield></datafield><datafield ind1=' ' ind2=' ' tag='040'><subfield code='a'>Uk-ES</subfield><subfield code='c'>Uk-ES</subfield><subfield code='d'>Cu-RivES</subfield><subfield code='d'>CStRLIN</subfield><subfield code='d'>Thomson Gale</subfield></datafield><datafield ind1='1' ind2=' ' tag='100'><subfield code='a'>Thomson,</subfield><subfield code='c'>Mrs.,</subfield><subfield code='d'>active 1788.</subfield></datafield><datafield ind1='1' ind2='0' tag='245'><subfield code='a'>Excessive sensibility</subfield><subfield code='h'>[electronic resource];</subfield><subfield code='b'>or, the history of Lady St. Laurence. A novel. ...</subfield></datafield><datafield ind1=' ' ind2=' ' tag='260'><subfield code='a'>London :</subfield><subfield code='b'>printed for G. G. J. and J. Robinson,</subfield><subfield code='c'>1787.</subfield></datafield><datafield ind1=' ' ind2=' ' tag='300'><subfield code='a'>2v. ;</subfield><subfield code='c'>12⁰.</subfield></datafield><datafield ind1=' ' ind2=' ' tag='500'><subfield code='a'>Anonymous. By Mrs. Thomson.</subfield></datafield><datafield ind1=' ' ind2=' ' tag='500'><subfield code='a'>Reproduction of original from the British Library.</subfield></datafield><datafield ind1='4' ind2=' ' tag='510'><subfield code='a'>English Short Title Catalog,</subfield><subfield code='c'>ESTCT129340.</subfield></datafield><datafield ind1=' ' ind2=' ' tag='533'><subfield code='a'>Electronic reproduction.</subfield><subfield code='b'>Farmington Hills, Mich. :</subfield><subfield code='c'>Thomson Gale,</subfield><subfield code='d'>2003.</subfield><subfield code='n'>Available via the World Wide Web.</subfield><subfield code='n'>Access limited by licensing agreements</subfield><subfield code='7'>s2003    miunns</subfield></datafield><datafield ind1=' ' ind2=' ' tag='590'><subfield code='a'>Access is available to the Temple Community through use of a networked computer with a Temple IP address.</subfield></datafield><datafield ind1='0' ind2=' ' tag='773'><subfield code='t'>Eighteenth century collections online</subfield></datafield><datafield ind1='4' ind2='0' tag='856'><subfield code='u'>http://libproxy.temple.edu/login?url=http://galenet.galegroup.com/servlet/ECCO?c=1&amp;stp=Author&amp;ste=11&amp;af=BN&amp;ae=T129340&amp;tiPG=1&amp;dd=0&amp;dc=flc&amp;docNum=CW111351434&amp;vrsn=1.0&amp;srchtp=a&amp;d4=0.33&amp;n=10&amp;SU=0LRK&amp;locID=temple_main</subfield><subfield code='z'>Access full text online</subfield></datafield><datafield ind1=' ' ind2=' ' tag='902'><subfield code='a'>e-resource trial</subfield></datafield><datafield ind1=' ' ind2=' ' tag='907'><subfield code='a'>.b31842227</subfield><subfield code='b'>w    </subfield><subfield code='c'>-</subfield></datafield><datafield ind1=' ' ind2=' ' tag='945'><subfield code='l'>w    </subfield><subfield code='g'>1</subfield></datafield><datafield ind1=' ' ind2=' ' tag='998'><subfield code='b'>1</subfield><subfield code='c'>070204</subfield><subfield code='d'>m</subfield><subfield code='e'>@</subfield><subfield code='f'>-</subfield><subfield code='g'>0</subfield></datafield><datafield ind1=' ' ind2=' ' tag='998'><subfield code='b'>1</subfield><subfield code='c'>070204</subfield><subfield code='d'>m</subfield><subfield code='e'>a</subfield><subfield code='f'>n</subfield><subfield code='g'>0</subfield></datafield><datafield ind1=' ' ind2=' ' tag='ADM'><subfield code='b'>2018-03-15 23:07:47</subfield><subfield code='e'>b31842227-01tuli_inst</subfield><subfield code='d'>ILS</subfield><subfield code='a'>2017-06-20 07:16:46</subfield><subfield code='c'>false</subfield></datafield><datafield ind1=' ' ind2=' ' tag='PRT'><subfield code='a'>53367832730003811</subfield><subfield code='b'>https://sandbox01-na.alma.exlibrisgroup.com/view/uresolver/01TULI_INST/openurl?u.ignore_date_coverage=true&amp;rft.mms_id=991020138699703811</subfield><subfield code='f'>Access full text online</subfield><subfield code='9'>Available</subfield><subfield code='d'>MAIN</subfield><subfield code='c'>Eighteenth Century collections online</subfield><subfield code='8'>53367832730003811</subfield></datafield></record>