
<record xmlns='http://www.loc.gov/MARC21/slim'><leader>01565nam a22003131a 4500</leader><controlfield tag='005'>20040319155446.0</controlfield><controlfield tag='006'>m        d        </controlfield><controlfield tag='007'>cr|||||||||a|n</controlfield><controlfield tag='008'>040319s2002    xxk     s     00| 0deng d</controlfield><controlfield tag='001'>991032309539703811</controlfield><datafield ind1=' ' ind2=' ' tag='035'><subfield code='a'>(PPT)b36561083-01tuli_inst</subfield></datafield><datafield ind1=' ' ind2=' ' tag='035'><subfield code='a'>(Uk-CbPIL)EALKN131</subfield><subfield code='9'>ExL</subfield></datafield><datafield ind1=' ' ind2=' ' tag='040'><subfield code='a'>Uk-CbPIL</subfield><subfield code='c'>Uk-CbPIL</subfield></datafield><datafield ind1=' ' ind2=' ' tag='090'><subfield code='a'>PN2</subfield><subfield code='b'>.L784x</subfield></datafield><datafield ind1='0' ind2='0' tag='245'><subfield code='a'>KnowledgeNotes student guides.</subfield><subfield code='p'>Sense and sensibility</subfield><subfield code='h'>[electronic resource].</subfield></datafield><datafield ind1=' ' ind2=' ' tag='256'><subfield code='a'>Electronic data.</subfield></datafield><datafield ind1=' ' ind2=' ' tag='260'><subfield code='a'>Cambridge :</subfield><subfield code='b'>ProQuest LLC,</subfield><subfield code='c'>2002.</subfield></datafield><datafield ind1=' ' ind2=' ' tag='520'><subfield code='a'>Literature Online includes the KnowledgeNotes student guides, a unique collection of critical introductions to major literary works. These high-quality, peer-reviewed academic resources are tailored to the needs of literature students and serve as a complement to the guidance provided by lecturers and seminar teachers.</subfield></datafield><datafield ind1=' ' ind2=' ' tag='540'><subfield code='a'>Copyright (c) 1996-2007 ProQuest LLC.  All rights reserved.</subfield></datafield><datafield ind1=' ' ind2=' ' tag='590'><subfield code='a'>Access is available to the Temple Community through use of a networked computer with a Temple IP address.</subfield></datafield><datafield ind1='1' ind2='0' tag='600'><subfield code='a'>Austen, Jane,</subfield><subfield code='d'>1775-1817.</subfield><subfield code='t'>Sense and sensibility.</subfield></datafield><datafield ind1='1' ind2=' ' tag='700'><subfield code='a'>Austen, Jane,</subfield><subfield code='d'>1775-1817.</subfield></datafield><datafield ind1='0' ind2=' ' tag='740'><subfield code='a'>Sense and sensibility.</subfield></datafield><datafield ind1='0' ind2=' ' tag='773'><subfield code='t'>Literature online</subfield></datafield><datafield ind1='0' ind2=' ' tag='773'><subfield code='a'>Literature online (Criticism and reference)</subfield></datafield><datafield ind1='4' ind2='0' tag='856'><subfield code='s'>110K</subfield><subfield code='z'>Access electronic resource.</subfield><subfield code='u'>http://libproxy.temple.edu/login?url=http://gateway.proquest.com/openurl?ctx_ver=Z39.88-2003&amp;xri:pqil:res_ver=0.2&amp;res_id=xri:lion-us&amp;rft_id=xri:lion:ft:ref:EALKN131:0</subfield></datafield><datafield ind1=' ' ind2=' ' tag='907'><subfield code='a'>.b36561083</subfield><subfield code='b'>w    </subfield><subfield code='c'>-</subfield></datafield><datafield ind1=' ' ind2=' ' tag='902'><subfield code='a'>111024</subfield></datafield><datafield ind1=' ' ind2=' ' tag='998'><subfield code='b'>1</subfield><subfield code='c'>081102</subfield><subfield code='d'>m</subfield><subfield code='e'>@</subfield><subfield code='f'>-</subfield><subfield code='g'>0</subfield></datafield><datafield ind1=' ' ind2=' ' tag='945'><subfield code='l'>w    </subfield><subfield code='g'>1</subfield></datafield><datafield ind1=' ' ind2=' ' tag='ADM'><subfield code='b'>2017-08-25 07:51:18</subfield><subfield code='e'>b36561083-01tuli_inst</subfield><subfield code='d'>ILS</subfield><subfield code='a'>2017-06-20 07:13:58</subfield><subfield code='c'>false</subfield></datafield><datafield ind1=' ' ind2=' ' tag='PRT'><subfield code='a'>53369745500003811</subfield><subfield code='b'>https://sandbox01-na.alma.exlibrisgroup.com/view/uresolver/01TULI_INST/openurl?u.ignore_date_coverage=true&amp;rft.mms_id=991032309539703811</subfield><subfield code='f'>Access electronic resource.</subfield><subfield code='9'>Available</subfield><subfield code='d'>MAIN</subfield><subfield code='c'>Literature Online</subfield><subfield code='8'>53369745500003811</subfield></datafield></record>