
<record xmlns='http://www.loc.gov/MARC21/slim'><leader>01578nam a2200445 a 4500</leader><controlfield tag='005'>20170825193820.0</controlfield><controlfield tag='008'>950829s1994    nyua     b    000 0 eng  </controlfield><controlfield tag='001'>991034259269703811</controlfield><datafield ind1=' ' ind2=' ' tag='010'><subfield code='a'>93080639</subfield></datafield><datafield ind1=' ' ind2=' ' tag='020'><subfield code='a'>0870701207 (MOMA)</subfield></datafield><datafield ind1=' ' ind2=' ' tag='020'><subfield code='a'>0810961318 (Abrams)</subfield></datafield><datafield ind1=' ' ind2=' ' tag='035'><subfield code='a'>(PPT)b17057851-01tuli_inst</subfield></datafield><datafield ind1=' ' ind2=' ' tag='035'><subfield code='a'>(CStRLIN)ocn477091464</subfield><subfield code='9'>ExL</subfield></datafield><datafield ind1=' ' ind2=' ' tag='035'><subfield code='a'>PATG95-B55490</subfield></datafield><datafield ind1=' ' ind2=' ' tag='035'><subfield code='a'>ocm31162705</subfield></datafield><datafield ind1=' ' ind2=' ' tag='035'><subfield code='a'>(OCLC)ocm31162705</subfield></datafield><datafield ind1=' ' ind2=' ' tag='040'><subfield code='a'>DLC</subfield><subfield code='c'>DLC</subfield><subfield code='d'>PPT</subfield></datafield><datafield ind1=' ' ind2=' ' tag='079'><subfield code='a'>ocm31162705</subfield></datafield><datafield ind1=' ' ind2=' ' tag='090'><subfield code='a'>N6494.M5Z45 1994</subfield></datafield><datafield ind1='1' ind2=' ' tag='100'><subfield code='a'>Zelevansky, Lynn.</subfield></datafield><datafield ind1='1' ind2='0' tag='245'><subfield code='a'>Sense and sensibility :</subfield><subfield code='b'>women artists and minimalism in the nineties /</subfield><subfield code='c'>Lynn Zelevansky.</subfield></datafield><datafield ind1=' ' ind2=' ' tag='260'><subfield code='a'>New York :</subfield><subfield code='b'>Museum of Modern Art :</subfield><subfield code='b'>Distributed by Harry N. Abrams,</subfield><subfield code='c'>c1994.</subfield></datafield><datafield ind1=' ' ind2=' ' tag='300'><subfield code='a'>64 p. :</subfield><subfield code='b'>ill. (some col.) ;</subfield><subfield code='c'>26 cm.</subfield></datafield><datafield ind1=' ' ind2=' ' tag='500'><subfield code='a'>Published in conjunction with the exhibition held at the Museum of Modern Art, New York, June 16-September 11, 1994.</subfield></datafield><datafield ind1=' ' ind2=' ' tag='504'><subfield code='a'>Includes bibliographical references.</subfield></datafield><datafield ind1=' ' ind2='0' tag='650'><subfield code='a'>Minimal art</subfield><subfield code='x'>Exhibitions.</subfield></datafield><datafield ind1=' ' ind2='0' tag='650'><subfield code='a'>Art, Modern</subfield><subfield code='y'>20th century</subfield><subfield code='x'>Exhibitions.</subfield></datafield><datafield ind1=' ' ind2='0' tag='650'><subfield code='a'>Women artists</subfield><subfield code='x'>Exhibitions.</subfield></datafield><datafield ind1='2' ind2=' ' tag='710'><subfield code='a'>Museum of Modern Art (New York, N.Y.)</subfield></datafield><datafield ind1=' ' ind2=' ' tag='902'><subfield code='a'>161014</subfield></datafield><datafield ind1=' ' ind2=' ' tag='907'><subfield code='a'>.b17057851</subfield><subfield code='b'>multi</subfield><subfield code='c'>-</subfield></datafield><datafield ind1=' ' ind2=' ' tag='935'><subfield code='a'>00767738</subfield></datafield><datafield ind1=' ' ind2=' ' tag='945'><subfield code='l'>kstk </subfield><subfield code='g'>1</subfield></datafield><datafield ind1=' ' ind2=' ' tag='945'><subfield code='l'>pstk </subfield><subfield code='g'>1</subfield></datafield><datafield ind1=' ' ind2=' ' tag='945'><subfield code='l'>irstk</subfield><subfield code='a'>704.042</subfield><subfield code='b'>ZEL</subfield><subfield code='g'>1</subfield></datafield><datafield ind1=' ' ind2=' ' tag='950'><subfield code='l'>TYL</subfield><subfield code='i'>08/29/95 N  855:SL</subfield></datafield><datafield ind1=' ' ind2=' ' tag='955'><subfield code='l'>TYL</subfield><subfield code='c'>0</subfield><subfield code='r'>39074010202216</subfield><subfield code='i'>08/29/95 C</subfield></datafield><datafield ind1=' ' ind2=' ' tag='979'><subfield code='a'>ocm31162705</subfield></datafield><datafield ind1=' ' ind2=' ' tag='998'><subfield code='b'>3</subfield><subfield code='c'>990101</subfield><subfield code='d'>m</subfield><subfield code='e'>a</subfield><subfield code='f'>-</subfield><subfield code='g'>0</subfield></datafield><datafield ind1=' ' ind2=' ' tag='998'><subfield code='a'>08/29/95</subfield><subfield code='t'>c</subfield><subfield code='s'>9110</subfield><subfield code='l'>PATG</subfield><subfield code='n'>PPT</subfield><subfield code='w'>DCLC9380639B</subfield><subfield code='d'>08/29/95</subfield><subfield code='c'>MFK</subfield><subfield code='b'>MK</subfield></datafield><datafield ind1=' ' ind2=' ' tag='ADM'><subfield code='b'>2018-06-20 04:14:49</subfield><subfield code='e'>b17057851-01tuli_inst</subfield><subfield code='d'>ILS</subfield><subfield code='a'>2017-06-20 10:55:12</subfield><subfield code='c'>false</subfield></datafield><datafield ind1='0' ind2=' ' tag='HLD'><subfield code='b'>KARDON</subfield><subfield code='c'>p_remote</subfield><subfield code='h'>N6494.M5Z45 1994</subfield><subfield code='8'>22307321940003811</subfield></datafield><datafield ind1='0' ind2=' ' tag='HLD'><subfield code='b'>MAIN</subfield><subfield code='c'>stacks</subfield><subfield code='h'>N6494.M5Z45 1994</subfield><subfield code='8'>22307321960003811</subfield></datafield><datafield ind1='1' ind2=' ' tag='HLD'><subfield code='b'>ROME</subfield><subfield code='c'>stacks</subfield><subfield code='h'>704.042 ZEL</subfield><subfield code='8'>22307321980003811</subfield></datafield><datafield ind1=' ' ind2=' ' tag='ITM'><subfield code='r'>22307321940003811</subfield><subfield code='b'>1</subfield><subfield code='h'>0</subfield><subfield code='g'>p_remote</subfield><subfield code='t'>BOOK</subfield><subfield code='9'>39074011025145</subfield><subfield code='e'>p_remote</subfield><subfield code='8'>23307321930003811</subfield><subfield code='a'>0</subfield><subfield code='q'>2017-06-20 10:55:12</subfield><subfield code='i'>N6494.M5Z45 1994</subfield><subfield code='d'>KARDON</subfield><subfield code='f'>KARDON</subfield></datafield><datafield ind1=' ' ind2=' ' tag='ITM'><subfield code='r'>22307321960003811</subfield><subfield code='b'>1</subfield><subfield code='h'>0</subfield><subfield code='g'>stacks</subfield><subfield code='t'>BOOK</subfield><subfield code='9'>39074010202216</subfield><subfield code='e'>stacks</subfield><subfield code='8'>23307321950003811</subfield><subfield code='a'>0</subfield><subfield code='q'>2017-06-20 10:55:12</subfield><subfield code='i'>N6494.M5Z45 1994</subfield><subfield code='d'>MAIN</subfield><subfield code='f'>MAIN</subfield></datafield><datafield ind1=' ' ind2=' ' tag='ITM'><subfield code='r'>22307321980003811</subfield><subfield code='b'>1</subfield><subfield code='h'>1</subfield><subfield code='g'>stacks</subfield><subfield code='t'>BOOK</subfield><subfield code='9'>39074024232761</subfield><subfield code='e'>stacks</subfield><subfield code='8'>23307321970003811</subfield><subfield code='a'>0</subfield><subfield code='q'>2017-06-20 10:55:12</subfield><subfield code='i'>704.042 ZEL</subfield><subfield code='d'>ROME</subfield><subfield code='f'>ROME</subfield></datafield></record>