
<record xmlns='http://www.loc.gov/MARC21/slim'><leader>01592ccm a2200325Ii 4500</leader><controlfield tag='005'>20180726090631.0</controlfield><controlfield tag='008'>160401s2015    xxumcz         n    zxx d</controlfield><controlfield tag='001'>991036902606103811</controlfield><datafield ind1=' ' ind2=' ' tag='035'><subfield code='a'>(OCoLC)945777475</subfield></datafield><datafield ind1=' ' ind2=' ' tag='040'><subfield code='a'>OSZ</subfield><subfield code='b'>eng</subfield><subfield code='e'>rda</subfield><subfield code='c'>OSZ</subfield><subfield code='d'>OCLCO</subfield><subfield code='d'>OCLCF</subfield><subfield code='d'>OCLCO</subfield><subfield code='d'>OCLCQ</subfield><subfield code='d'>CFS</subfield></datafield><datafield ind1=' ' ind2='4' tag='050'><subfield code='a'>M1508.G67</subfield><subfield code='b'>S46 2015</subfield></datafield><datafield ind1='1' ind2=' ' tag='100'><subfield code='a'>Gordon, Paul</subfield><subfield code='c'>(Composer),</subfield><subfield code='e'>composer,</subfield><subfield code='e'>lyricist.</subfield></datafield><datafield ind1='1' ind2='0' tag='240'><subfield code='a'>Sense and Sensibility.</subfield><subfield code='s'>Vocal score.</subfield><subfield code='k'>Selections</subfield></datafield><datafield ind1='0' ind2='0' tag='245'><subfield code='a'>Sense and Sensibility :</subfield><subfield code='b'>vocal selections /</subfield><subfield code='c'>music and lyrics by Paul Gordon.</subfield></datafield><datafield ind1=' ' ind2='1' tag='264'><subfield code='a'>[United States] :</subfield><subfield code='b'>NewMusicalTheatre.com,</subfield><subfield code='c'>[2015]</subfield></datafield><datafield ind1=' ' ind2='4' tag='264'><subfield code='c'>©2015</subfield></datafield><datafield ind1=' ' ind2=' ' tag='300'><subfield code='a'>1 vocal score (unpaged) ;</subfield><subfield code='c'>28 cm</subfield></datafield><datafield ind1=' ' ind2=' ' tag='336'><subfield code='a'>notated music</subfield><subfield code='b'>ntm</subfield><subfield code='2'>rdacontent</subfield></datafield><datafield ind1=' ' ind2=' ' tag='337'><subfield code='a'>unmediated</subfield><subfield code='b'>n</subfield><subfield code='2'>rdamedia</subfield></datafield><datafield ind1=' ' ind2=' ' tag='338'><subfield code='a'>volume</subfield><subfield code='b'>nc</subfield><subfield code='2'>rdacarrier</subfield></datafield><datafield ind1=' ' ind2=' ' tag='500'><subfield code='a'>For voice and piano.</subfield></datafield><datafield ind1=' ' ind2=' ' tag='500'><subfield code='a'>Hard copy of digital download.</subfield></datafield><datafield ind1='0' ind2=' ' tag='505'><subfield code='a'>Darker shade of grief -- Lavender drops -- Elinor -- So the poets say -- The eldest son -- Lydia -- Rain -- Wiloughby -- Somewhere in silence -- Wrong side of five and thirty -- There he is again -- The response -- The swing -- Not even you -- The visit -- Edward and I-- Stow away -- Bedside.</subfield></datafield><datafield ind1=' ' ind2='0' tag='650'><subfield code='a'>Musicals</subfield><subfield code='v'>Excerpts</subfield><subfield code='v'>Vocal scores with piano.</subfield></datafield><datafield ind1=' ' ind2='0' tag='650'><subfield code='a'>Songs with piano.</subfield></datafield><datafield ind1=' ' ind2='7' tag='650'><subfield code='a'>Musicals</subfield><subfield code='x'>Excerpts</subfield><subfield code='x'>Vocal scores with piano.</subfield><subfield code='2'>fast</subfield><subfield code='0'>(OCoLC)fst01905985</subfield></datafield><datafield ind1=' ' ind2='7' tag='650'><subfield code='a'>Songs with piano.</subfield><subfield code='2'>fast</subfield><subfield code='0'>(OCoLC)fst01126224</subfield></datafield><datafield ind1='1' ind2=' ' tag='700'><subfield code='i'>Musical theatre adaptation of (work):</subfield><subfield code='a'>Austen, Jane,</subfield><subfield code='d'>1775-1817.</subfield><subfield code='t'>Sense and sensibility.</subfield></datafield><datafield ind1=' ' ind2=' ' tag='979'><subfield code='a'>ocn945777475</subfield></datafield><datafield ind1=' ' ind2=' ' tag='997'><subfield code='a'>20180508111638.0</subfield><subfield code='c'>CDC</subfield><subfield code='d'>TEU</subfield><subfield code='s'>OCLC</subfield><subfield code='e'>MARCIVE</subfield></datafield><datafield ind1=' ' ind2=' ' tag='ADM'><subfield code='b'>2018-07-26 13:06:31</subfield><subfield code='e'>ocn945777475</subfield><subfield code='d'>MARCIVE</subfield><subfield code='f'>20180716094954.0</subfield><subfield code='a'>2018-05-08 15:16:38</subfield><subfield code='c'>false</subfield></datafield><datafield ind1='0' ind2=' ' tag='HLD'><subfield code='b'>MAIN</subfield><subfield code='c'>stacks</subfield><subfield code='h'>M1508.G67</subfield><subfield code='i'>S46 2015</subfield><subfield code='8'>22426148290003811</subfield></datafield><datafield ind1=' ' ind2=' ' tag='ITM'><subfield code='b'>0</subfield><subfield code='u'>TRANSIT</subfield><subfield code='h'>0</subfield><subfield code='g'>stacks</subfield><subfield code='t'>SCORE</subfield><subfield code='9'>39074031626054</subfield><subfield code='e'>stacks</subfield><subfield code='8'>23426148280003811</subfield><subfield code='a'>0</subfield><subfield code='q'>2018-05-08 15:16:43</subfield><subfield code='i'>M1508.G67 S46 2015</subfield><subfield code='d'>MAIN</subfield><subfield code='r'>2018-07-16 13:50:30</subfield><subfield code='f'>MAIN</subfield></datafield></record>