
<record xmlns='http://www.loc.gov/MARC21/slim'><leader>01602cam a2200397 a 4500</leader><controlfield tag='005'>20180315215414.0</controlfield><controlfield tag='008'>030811s2002    no       b    100 0 eng d</controlfield><controlfield tag='001'>991035595459703811</controlfield><datafield ind1=' ' ind2=' ' tag='010'><subfield code='a'>2003354408</subfield></datafield><datafield ind1=' ' ind2=' ' tag='020'><subfield code='a'>8276343716</subfield></datafield><datafield ind1=' ' ind2=' ' tag='035'><subfield code='a'>(PPT)b26728709-01tuli_inst</subfield></datafield><datafield ind1=' ' ind2=' ' tag='035'><subfield code='a'>ocn489512550</subfield><subfield code='9'>ExL</subfield></datafield><datafield ind1=' ' ind2=' ' tag='035'><subfield code='a'>PPTb26728709</subfield></datafield><datafield ind1=' ' ind2=' ' tag='035'><subfield code='a'>ocm53976018</subfield></datafield><datafield ind1=' ' ind2=' ' tag='035'><subfield code='a'>(OCLC)ocm53976018</subfield></datafield><datafield ind1=' ' ind2=' ' tag='040'><subfield code='a'>DLC</subfield><subfield code='c'>DLC</subfield><subfield code='d'>DLC</subfield><subfield code='d'>PPT</subfield></datafield><datafield ind1=' ' ind2=' ' tag='079'><subfield code='a'>ocm53976018</subfield></datafield><datafield ind1=' ' ind2=' ' tag='090'><subfield code='a'>B3216.C34</subfield><subfield code='b'>F676x 2002</subfield></datafield><datafield ind1='0' ind2='0' tag='245'><subfield code='a'>Forms of knowledge and sensibility :</subfield><subfield code='b'>Ernst Cassirer and the human sciences /</subfield><subfield code='c'>Gunnar Foss, Eivind Kasa (eds.).</subfield></datafield><datafield ind1=' ' ind2=' ' tag='260'><subfield code='a'>Kristiansand :</subfield><subfield code='b'>Høyskoleforlaget,</subfield><subfield code='c'>[2002]</subfield></datafield><datafield ind1=' ' ind2=' ' tag='300'><subfield code='a'>223 p. ;</subfield><subfield code='c'>22 cm.</subfield></datafield><datafield ind1='1' ind2=' ' tag='490'><subfield code='a'>Kulturstudier,</subfield><subfield code='x'>1500-8592 ;</subfield><subfield code='v'>nr. 23.</subfield></datafield><datafield ind1=' ' ind2=' ' tag='500'><subfield code='a'>&quot;This book contains a collection of essays which have all sprung out of the conference &quot;Knowledge and sensibility: Ernst Cassirer and the human  sciences&quot;, held at NTNU in Trondheim on the 24th and 25th of February 1999&quot;--Pref.</subfield></datafield><datafield ind1=' ' ind2=' ' tag='500'><subfield code='a'>Series numbering information from label affixed to cover.  Numbering incorrectly given as nr. 22 at the bottom of each page.</subfield></datafield><datafield ind1=' ' ind2=' ' tag='504'><subfield code='a'>Includes bibliographical references.</subfield></datafield><datafield ind1='1' ind2='0' tag='600'><subfield code='a'>Cassirer, Ernst,</subfield><subfield code='d'>1874-1945</subfield><subfield code='v'>Congresses.</subfield></datafield><datafield ind1=' ' ind2='0' tag='650'><subfield code='a'>Knowledge, Theory of</subfield><subfield code='v'>Congresses.</subfield></datafield><datafield ind1=' ' ind2='0' tag='650'><subfield code='a'>Humanities</subfield><subfield code='v'>Congresses.</subfield></datafield><datafield ind1='1' ind2=' ' tag='700'><subfield code='a'>Foss, Gunnar.</subfield></datafield><datafield ind1='1' ind2=' ' tag='700'><subfield code='a'>Kasa, Eivind.</subfield></datafield><datafield ind1=' ' ind2='0' tag='830'><subfield code='a'>Kulturstudier (Bergen, Norway) ;</subfield><subfield code='v'>nr. 23.</subfield></datafield><datafield ind1=' ' ind2=' ' tag='907'><subfield code='a'>.b26728709</subfield><subfield code='b'>p    </subfield><subfield code='c'>-</subfield></datafield><datafield ind1=' ' ind2=' ' tag='945'><subfield code='l'>pstk </subfield><subfield code='g'>1</subfield></datafield><datafield ind1=' ' ind2=' ' tag='979'><subfield code='a'>ocm53976018</subfield></datafield><datafield ind1=' ' ind2=' ' tag='998'><subfield code='b'>1</subfield><subfield code='c'>050414</subfield><subfield code='d'>m</subfield><subfield code='e'>a</subfield><subfield code='f'>-</subfield><subfield code='g'>0</subfield></datafield><datafield ind1=' ' ind2=' ' tag='998'><subfield code='a'>04/14/05</subfield><subfield code='s'>OCLC</subfield><subfield code='c'>CDC</subfield></datafield><datafield ind1=' ' ind2=' ' tag='ADM'><subfield code='b'>2018-06-20 04:39:31</subfield><subfield code='e'>b26728709-01tuli_inst</subfield><subfield code='d'>ILS</subfield><subfield code='a'>2017-06-20 12:40:30</subfield><subfield code='c'>false</subfield></datafield><datafield ind1='0' ind2=' ' tag='HLD'><subfield code='b'>MAIN</subfield><subfield code='c'>stacks</subfield><subfield code='h'>B3216.C34</subfield><subfield code='i'>F676x 2002</subfield><subfield code='8'>22319805680003811</subfield></datafield><datafield ind1=' ' ind2=' ' tag='ITM'><subfield code='r'>22319805680003811</subfield><subfield code='b'>1</subfield><subfield code='h'>0</subfield><subfield code='g'>stacks</subfield><subfield code='t'>BOOK</subfield><subfield code='9'>39074016992208</subfield><subfield code='e'>stacks</subfield><subfield code='8'>23319805670003811</subfield><subfield code='a'>0</subfield><subfield code='q'>2017-06-20 12:40:30</subfield><subfield code='i'>B3216.C34 F676x 2002</subfield><subfield code='d'>MAIN</subfield><subfield code='f'>MAIN</subfield></datafield></record>