
<record xmlns='http://www.loc.gov/MARC21/slim'><leader>01626nam a2200397 a 4500</leader><controlfield tag='005'>20170825171704.0</controlfield><controlfield tag='008'>931210s1957    nyua          00000 eng d</controlfield><controlfield tag='001'>991031546179703811</controlfield><datafield ind1=' ' ind2=' ' tag='010'><subfield code='a'>57023989</subfield></datafield><datafield ind1=' ' ind2=' ' tag='035'><subfield code='a'>(PPT)b16483777-01tuli_inst</subfield></datafield><datafield ind1=' ' ind2=' ' tag='035'><subfield code='a'>(CStRLIN)ocn476476308</subfield><subfield code='9'>ExL</subfield></datafield><datafield ind1=' ' ind2=' ' tag='035'><subfield code='a'>PATG93-B27824</subfield></datafield><datafield ind1=' ' ind2=' ' tag='035'><subfield code='a'>ocm01689189</subfield></datafield><datafield ind1=' ' ind2=' ' tag='035'><subfield code='a'>(OCLC)ocm01689189</subfield></datafield><datafield ind1=' ' ind2=' ' tag='040'><subfield code='a'>DLC</subfield><subfield code='c'>MdBJ</subfield><subfield code='d'>CStRLIN</subfield><subfield code='d'>IaU</subfield><subfield code='d'>PPT</subfield></datafield><datafield ind1=' ' ind2=' ' tag='079'><subfield code='a'>ocm01689189</subfield></datafield><datafield ind1=' ' ind2=' ' tag='090'><subfield code='a'>Z232.L7 1957 A98x</subfield></datafield><datafield ind1='1' ind2=' ' tag='100'><subfield code='a'>Austen, Jane,</subfield><subfield code='d'>1775-1817.</subfield></datafield><datafield ind1='1' ind2='0' tag='245'><subfield code='a'>Sense and sensibility /</subfield><subfield code='c'>by Jane Austen ; with a new introd. by Stella Gibbons and ill. by Helen Sewell.</subfield></datafield><datafield ind1=' ' ind2=' ' tag='260'><subfield code='a'>New York :</subfield><subfield code='b'>Printed at the Spiral Press for the members of the Limited Editions Club,</subfield><subfield code='c'>1957.</subfield></datafield><datafield ind1=' ' ind2=' ' tag='300'><subfield code='a'>xv, 333 p. :</subfield><subfield code='b'>ill. ;</subfield><subfield code='c'>26 cm.</subfield></datafield><datafield ind1=' ' ind2=' ' tag='500'><subfield code='a'>&quot;Fifteen hundred copies of this book have been made ... The edition has been planned by Joseph Blumenthal and printed by him at The Spiral Press in New York&quot;--Colophon.</subfield></datafield><datafield ind1=' ' ind2=' ' tag='590'><subfield code='a'>RARE copy is no. 859, with slipcase as issued.</subfield></datafield><datafield ind1='1' ind2=' ' tag='700'><subfield code='a'>Sewell, Helen,</subfield><subfield code='d'>1896-1957,</subfield><subfield code='e'>illustrator.</subfield></datafield><datafield ind1='1' ind2=' ' tag='700'><subfield code='a'>Blumenthal, Joseph,</subfield><subfield code='d'>1897- ,</subfield><subfield code='e'>book designer,</subfield><subfield code='e'>printer,</subfield><subfield code='f'>1957.</subfield></datafield><datafield ind1='2' ind2=' ' tag='710'><subfield code='a'>Spiral Press (New York, N.Y.),</subfield><subfield code='e'>printer,</subfield><subfield code='f'>1957.</subfield></datafield><datafield ind1='2' ind2=' ' tag='710'><subfield code='a'>Limited Editions Club,</subfield><subfield code='e'>publisher,</subfield><subfield code='f'>1957.</subfield></datafield><datafield ind1=' ' ind2=' ' tag='902'><subfield code='a'>161130</subfield></datafield><datafield ind1=' ' ind2=' ' tag='907'><subfield code='a'>.b16483777</subfield><subfield code='b'>s    </subfield><subfield code='c'>-</subfield></datafield><datafield ind1=' ' ind2=' ' tag='935'><subfield code='a'>00706564</subfield></datafield><datafield ind1=' ' ind2=' ' tag='945'><subfield code='l'>srare</subfield><subfield code='g'>1</subfield></datafield><datafield ind1=' ' ind2=' ' tag='950'><subfield code='l'>RARE</subfield><subfield code='i'>12/10/93 N  655:SL</subfield></datafield><datafield ind1=' ' ind2=' ' tag='955'><subfield code='l'>RARE</subfield><subfield code='c'>0</subfield><subfield code='r'>39074009124330</subfield><subfield code='i'>12/10/93 C</subfield></datafield><datafield ind1=' ' ind2=' ' tag='979'><subfield code='a'>ocm01689189</subfield></datafield><datafield ind1=' ' ind2=' ' tag='998'><subfield code='b'>1</subfield><subfield code='c'>990101</subfield><subfield code='d'>m</subfield><subfield code='e'>a</subfield><subfield code='f'>-</subfield><subfield code='g'>0</subfield></datafield><datafield ind1=' ' ind2=' ' tag='998'><subfield code='a'>12/10/93</subfield><subfield code='t'>c</subfield><subfield code='s'>9115</subfield><subfield code='n'>PPT</subfield><subfield code='w'>IAUG85B113122</subfield><subfield code='d'>12/10/93</subfield><subfield code='c'>MW</subfield><subfield code='b'>MW</subfield><subfield code='i'>931210</subfield><subfield code='l'>PATG</subfield></datafield><datafield ind1=' ' ind2=' ' tag='ADM'><subfield code='b'>2018-06-20 03:32:47</subfield><subfield code='e'>b16483777-01tuli_inst</subfield><subfield code='d'>ILS</subfield><subfield code='a'>2017-06-20 10:05:39</subfield><subfield code='c'>false</subfield></datafield><datafield ind1='0' ind2=' ' tag='HLD'><subfield code='b'>SCRC</subfield><subfield code='c'>rarestacks</subfield><subfield code='h'>Z232.L7 1957 A98x</subfield><subfield code='8'>22299793970003811</subfield></datafield><datafield ind1=' ' ind2=' ' tag='ITM'><subfield code='r'>22299793970003811</subfield><subfield code='b'>1</subfield><subfield code='h'>0</subfield><subfield code='g'>rarestacks</subfield><subfield code='t'>BOOK</subfield><subfield code='9'>39074009124330</subfield><subfield code='e'>rarestacks</subfield><subfield code='8'>23299793960003811</subfield><subfield code='a'>4</subfield><subfield code='q'>2017-06-20 10:05:39</subfield><subfield code='i'>Z232.L7 1957 A98x</subfield><subfield code='d'>SCRC</subfield><subfield code='f'>SCRC</subfield></datafield></record>