
<record xmlns='http://www.loc.gov/MARC21/slim'><leader>01646nam a2200445 a 4500</leader><controlfield tag='005'>20170826004638.0</controlfield><controlfield tag='008'>930519s1993    enka     b    001 0 eng  </controlfield><controlfield tag='001'>991030684699703811</controlfield><datafield ind1=' ' ind2=' ' tag='010'><subfield code='a'>92005744</subfield></datafield><datafield ind1=' ' ind2=' ' tag='020'><subfield code='a'>0521402263</subfield></datafield><datafield ind1=' ' ind2=' ' tag='035'><subfield code='a'>(PPT)b1631055x-01tuli_inst</subfield></datafield><datafield ind1=' ' ind2=' ' tag='035'><subfield code='a'>(CStRLIN)ocn476383837</subfield><subfield code='9'>ExL</subfield></datafield><datafield ind1=' ' ind2=' ' tag='035'><subfield code='a'>PATG93-B11012</subfield></datafield><datafield ind1=' ' ind2=' ' tag='035'><subfield code='a'>ocm25632800</subfield></datafield><datafield ind1=' ' ind2=' ' tag='035'><subfield code='a'>(OCLC)ocm25632800</subfield></datafield><datafield ind1=' ' ind2=' ' tag='040'><subfield code='a'>DLC</subfield><subfield code='c'>DLC</subfield><subfield code='d'>DLC</subfield></datafield><datafield ind1=' ' ind2=' ' tag='043'><subfield code='a'>e-uk---</subfield></datafield><datafield ind1=' ' ind2=' ' tag='079'><subfield code='a'>ocm25632800</subfield></datafield><datafield ind1=' ' ind2=' ' tag='090'><subfield code='a'>PR858.S615V36 1993</subfield></datafield><datafield ind1='1' ind2=' ' tag='100'><subfield code='a'>Van Sant, Ann Jessie.</subfield></datafield><datafield ind1='1' ind2='0' tag='245'><subfield code='a'>Eighteenth-century sensibility and the novel :</subfield><subfield code='b'>the senses in social context /</subfield><subfield code='c'>Ann Jessie Van Sant.</subfield></datafield><datafield ind1=' ' ind2=' ' tag='260'><subfield code='a'>Cambridge [England] ;</subfield><subfield code='a'>New York, NY, USA :</subfield><subfield code='b'>Cambridge University Press,</subfield><subfield code='c'>1993.</subfield></datafield><datafield ind1=' ' ind2=' ' tag='300'><subfield code='a'>xv, 143 p. :</subfield><subfield code='b'>ill. ;</subfield><subfield code='c'>24 cm</subfield></datafield><datafield ind1=' ' ind2='0' tag='440'><subfield code='a'>Cambridge studies in eighteenth-century English literature and thought</subfield></datafield><datafield ind1=' ' ind2=' ' tag='504'><subfield code='a'>Includes bibliographical references (p. 126-136) and index.</subfield></datafield><datafield ind1=' ' ind2='0' tag='650'><subfield code='a'>English fiction</subfield><subfield code='y'>18th century</subfield><subfield code='x'>History and criticism.</subfield></datafield><datafield ind1=' ' ind2='0' tag='650'><subfield code='a'>Literature and society</subfield><subfield code='z'>Great Britain</subfield><subfield code='x'>History</subfield><subfield code='y'>18th century.</subfield></datafield><datafield ind1=' ' ind2='0' tag='650'><subfield code='a'>Literature and science</subfield><subfield code='z'>Great Britain</subfield><subfield code='x'>History</subfield><subfield code='y'>18th century.</subfield></datafield><datafield ind1=' ' ind2='0' tag='650'><subfield code='a'>Senses and sensation in literature.</subfield></datafield><datafield ind1=' ' ind2='0' tag='650'><subfield code='a'>Sentimentalism in literature.</subfield></datafield><datafield ind1=' ' ind2='0' tag='650'><subfield code='a'>Emotions in literature.</subfield></datafield><datafield ind1=' ' ind2=' ' tag='902'><subfield code='a'>091211</subfield></datafield><datafield ind1=' ' ind2=' ' tag='907'><subfield code='a'>.b1631055x</subfield><subfield code='b'>p    </subfield><subfield code='c'>-</subfield></datafield><datafield ind1=' ' ind2=' ' tag='935'><subfield code='a'>00688806</subfield></datafield><datafield ind1=' ' ind2=' ' tag='945'><subfield code='l'>pstk </subfield><subfield code='g'>1</subfield></datafield><datafield ind1=' ' ind2=' ' tag='950'><subfield code='l'>P</subfield><subfield code='i'>05/19/93 N</subfield></datafield><datafield ind1=' ' ind2=' ' tag='955'><subfield code='l'>P</subfield><subfield code='c'>0</subfield><subfield code='r'>39074008231706</subfield><subfield code='i'>05/19/93 C</subfield></datafield><datafield ind1=' ' ind2=' ' tag='979'><subfield code='a'>ocm25632800</subfield></datafield><datafield ind1=' ' ind2=' ' tag='998'><subfield code='b'>1</subfield><subfield code='c'>990101</subfield><subfield code='d'>m</subfield><subfield code='e'>a</subfield><subfield code='f'>-</subfield><subfield code='g'>0</subfield></datafield><datafield ind1=' ' ind2=' ' tag='998'><subfield code='a'>05/19/93</subfield><subfield code='t'>c</subfield><subfield code='s'>9110</subfield><subfield code='n'>PPT</subfield><subfield code='w'>DCLC925744B</subfield><subfield code='d'>05/19/93</subfield><subfield code='c'>RM</subfield><subfield code='b'>RF</subfield><subfield code='i'>930519</subfield><subfield code='l'>PATG</subfield></datafield><datafield ind1=' ' ind2=' ' tag='ADM'><subfield code='b'>2018-06-20 03:22:08</subfield><subfield code='e'>b1631055x-01tuli_inst</subfield><subfield code='d'>ILS</subfield><subfield code='a'>2017-06-20 07:42:46</subfield><subfield code='c'>false</subfield></datafield><datafield ind1='0' ind2=' ' tag='HLD'><subfield code='b'>MAIN</subfield><subfield code='c'>stacks</subfield><subfield code='h'>PR858.S615V36 1993</subfield><subfield code='8'>22271053530003811</subfield></datafield><datafield ind1=' ' ind2=' ' tag='ITM'><subfield code='r'>22271053530003811</subfield><subfield code='b'>1</subfield><subfield code='h'>0</subfield><subfield code='g'>stacks</subfield><subfield code='t'>BOOK</subfield><subfield code='9'>39074008231706</subfield><subfield code='e'>stacks</subfield><subfield code='8'>23271053520003811</subfield><subfield code='a'>0</subfield><subfield code='q'>2017-06-20 07:42:46</subfield><subfield code='i'>PR858.S615V36 1993</subfield><subfield code='d'>MAIN</subfield><subfield code='f'>MAIN</subfield></datafield></record>