
<record xmlns='http://www.loc.gov/MARC21/slim'><leader>01689cam a22003971a 4500</leader><controlfield tag='005'>20170825184105.0</controlfield><controlfield tag='007'>he bmv---bbcp</controlfield><controlfield tag='008'>860804s1785    ctu     b     000 0 eng d</controlfield><controlfield tag='001'>991008643819703811</controlfield><datafield ind1=' ' ind2=' ' tag='035'><subfield code='a'>(PPT)b29203636-01tuli_inst</subfield></datafield><datafield ind1=' ' ind2=' ' tag='035'><subfield code='a'>ocn491427054</subfield><subfield code='9'>ExL</subfield></datafield><datafield ind1=' ' ind2=' ' tag='035'><subfield code='a'>aas99024082</subfield></datafield><datafield ind1=' ' ind2=' ' tag='035'><subfield code='a'>ocm55838348</subfield></datafield><datafield ind1=' ' ind2=' ' tag='035'><subfield code='a'>(OCLC)ocm55838348</subfield></datafield><datafield ind1=' ' ind2=' ' tag='040'><subfield code='a'>MWA</subfield><subfield code='c'>MWA</subfield><subfield code='e'>bdrb</subfield></datafield><datafield ind1=' ' ind2=' ' tag='079'><subfield code='a'>ocm55838348</subfield></datafield><datafield ind1=' ' ind2=' ' tag='099'><subfield code='a'>Micro- card Evans 19102</subfield></datafield><datafield ind1='1' ind2=' ' tag='100'><subfield code='a'>More, Hannah,</subfield><subfield code='d'>1745-1833.</subfield></datafield><datafield ind1='1' ind2='0' tag='245'><subfield code='a'>Sensibility:</subfield><subfield code='h'>[microform] :</subfield><subfield code='b'>a poetical epistle to the Hon. Mrs. Boscawen. /</subfield><subfield code='c'>By Miss H. More. ; [Two lines from Shakespeare]</subfield></datafield><datafield ind1=' ' ind2=' ' tag='260'><subfield code='a'>New-Haven: :</subfield><subfield code='b'>Printed by Meigs, Bowen and Dana,</subfield><subfield code='c'>[1785]</subfield></datafield><datafield ind1=' ' ind2=' ' tag='300'><subfield code='a'>16 p.</subfield></datafield><datafield ind1=' ' ind2=' ' tag='500'><subfield code='a'>Date of publication supplied by Evans.</subfield></datafield><datafield ind1='4' ind2=' ' tag='510'><subfield code='a'>Evans</subfield><subfield code='c'>19102</subfield></datafield><datafield ind1=' ' ind2=' ' tag='530'><subfield code='a'>Digital image available in the Readex/Newsbank Digital Evans series.</subfield></datafield><datafield ind1=' ' ind2=' ' tag='533'><subfield code='a'>Microfiche.</subfield><subfield code='b'>[New York :</subfield><subfield code='c'>Readex Microprint,</subfield><subfield code='d'>1985]</subfield><subfield code='e'>11 x 15 cm.</subfield><subfield code='f'>(Early American imprints. First series ; no. 19102).</subfield></datafield><datafield ind1=' ' ind2=' ' tag='590'><subfield code='a'>Access to electronic version is available to the Temple Community through use of a networked computer with a Temple IP address.</subfield></datafield><datafield ind1=' ' ind2='7' tag='655'><subfield code='a'>Poems</subfield><subfield code='y'>1785.</subfield><subfield code='2'>rbgenr.</subfield></datafield><datafield ind1=' ' ind2=' ' tag='752'><subfield code='a'>United States</subfield><subfield code='b'>Connecticut</subfield><subfield code='d'>New Haven.</subfield></datafield><datafield ind1=' ' ind2='0' tag='830'><subfield code='a'>Early American imprints.</subfield><subfield code='n'>First series ;</subfield><subfield code='v'>no. 19102.</subfield></datafield><datafield ind1='4' ind2='1' tag='856'><subfield code='z'>Access full text via Early American Imprints, Series I: Evans database (Search by title).</subfield><subfield code='u'>http://libproxy.temple.edu/login?url=http://infoweb.newsbank.com/?db=EVAN</subfield></datafield><datafield ind1=' ' ind2=' ' tag='902'><subfield code='a'>111024</subfield></datafield><datafield ind1=' ' ind2=' ' tag='907'><subfield code='a'>.b29203636</subfield><subfield code='b'>kmicr</subfield><subfield code='c'>-</subfield></datafield><datafield ind1=' ' ind2=' ' tag='945'><subfield code='l'>kmicr</subfield><subfield code='g'>1</subfield></datafield><datafield ind1=' ' ind2=' ' tag='979'><subfield code='a'>ocm55838348</subfield></datafield><datafield ind1=' ' ind2=' ' tag='998'><subfield code='b'>1</subfield><subfield code='c'>051217</subfield><subfield code='d'>m</subfield><subfield code='e'>m</subfield><subfield code='f'>-</subfield><subfield code='g'>0</subfield></datafield><datafield ind1=' ' ind2=' ' tag='998'><subfield code='b'>1</subfield><subfield code='c'>051217</subfield><subfield code='d'>m</subfield><subfield code='e'>a</subfield><subfield code='f'>-</subfield><subfield code='g'>0</subfield></datafield><datafield ind1=' ' ind2=' ' tag='ADM'><subfield code='b'>2017-11-20 08:08:50</subfield><subfield code='e'>b29203636-01tuli_inst</subfield><subfield code='d'>ILS</subfield><subfield code='a'>2017-06-20 11:54:08</subfield><subfield code='c'>false</subfield></datafield><datafield ind1='8' ind2=' ' tag='HLD'><subfield code='b'>KARDON</subfield><subfield code='c'>p_remote</subfield><subfield code='h'>Micro- card Evans 19102</subfield><subfield code='8'>22314517730003811</subfield></datafield><datafield ind1=' ' ind2=' ' tag='ITM'><subfield code='r'>22314517730003811</subfield><subfield code='b'>1</subfield><subfield code='h'>8</subfield><subfield code='g'>p_remote</subfield><subfield code='t'>MICROFORM</subfield><subfield code='e'>p_remote</subfield><subfield code='8'>23314517720003811</subfield><subfield code='a'>4</subfield><subfield code='q'>2017-06-20 11:54:08</subfield><subfield code='i'>Micro- card Evans 19102</subfield><subfield code='d'>KARDON</subfield><subfield code='f'>KARDON</subfield></datafield></record>