
<record xmlns='http://www.loc.gov/MARC21/slim'><leader>01705cam a22003971a 4500</leader><controlfield tag='005'>20021212173451.0</controlfield><controlfield tag='007'>cr mn mmmmabba</controlfield><controlfield tag='008'>860924s1798    mauf   js     000 0 eng d</controlfield><controlfield tag='001'>991010585949703811</controlfield><datafield ind1=' ' ind2=' ' tag='035'><subfield code='a'>(PPT)b29590528-01tuli_inst</subfield></datafield><datafield ind1=' ' ind2=' ' tag='035'><subfield code='a'>ocn493120070</subfield><subfield code='9'>ExL</subfield></datafield><datafield ind1=' ' ind2=' ' tag='035'><subfield code='z'>w004824</subfield></datafield><datafield ind1=' ' ind2=' ' tag='035'><subfield code='a'>MAAR8609243914B</subfield></datafield><datafield ind1=' ' ind2=' ' tag='035'><subfield code='9'>mwa91-11467</subfield></datafield><datafield ind1=' ' ind2=' ' tag='035'><subfield code='a'>343250</subfield></datafield><datafield ind1=' ' ind2=' ' tag='040'><subfield code='a'>MWA</subfield><subfield code='c'>MWA</subfield><subfield code='e'>bdrb</subfield></datafield><datafield ind1=' ' ind2=' ' tag='079'><subfield code='a'>ocm62835141</subfield></datafield><datafield ind1='1' ind2=' ' tag='100'><subfield code='a'>Pinchard, Elizabeth Sibthorpe.</subfield></datafield><datafield ind1='1' ind2='0' tag='245'><subfield code='a'>Sensibility.</subfield><subfield code='h'>[electronic resource] :</subfield><subfield code='b'>A drama. : In two parts. : [Six lines from Hannah More]</subfield></datafield><datafield ind1=' ' ind2=' ' tag='260'><subfield code='a'>Boston: :</subfield><subfield code='b'>Printed for W. Spotswood,</subfield><subfield code='c'>1798.</subfield></datafield><datafield ind1=' ' ind2=' ' tag='300'><subfield code='a'>50 p., [1] leaf of plates :</subfield><subfield code='b'>ill.</subfield></datafield><datafield ind1=' ' ind2=' ' tag='500'><subfield code='a'>Attributed to Elizabeth Sibthorpe Pinchard by Welch.</subfield></datafield><datafield ind1=' ' ind2=' ' tag='500'><subfield code='a'>Also issued as the second title in: Pinchard, Elizabeth. Dramatic Dialogues ... Boston: Printed for W. Spotswood, 1798 (Evans 34381).</subfield></datafield><datafield ind1='4' ind2=' ' tag='510'><subfield code='a'>Evans</subfield><subfield code='c'>34526</subfield></datafield><datafield ind1=' ' ind2=' ' tag='530'><subfield code='a'>Microform version available in the Readex Early American Imprints series.</subfield></datafield><datafield ind1=' ' ind2=' ' tag='533'><subfield code='a'>Electronic text and image data.</subfield><subfield code='b'>[Chester, Vt. :</subfield><subfield code='c'>Readex, a division of Newsbank, Inc.,</subfield><subfield code='d'>2002-2004.</subfield><subfield code='e'>Includes files in TIFF, GIF and PDF formats with inclusion of keyword searchable text.</subfield><subfield code='f'>(Early American imprints. First series ; no. 34526).</subfield></datafield><datafield ind1=' ' ind2='7' tag='655'><subfield code='a'>Plays</subfield><subfield code='y'>1798.</subfield><subfield code='2'>rbgenr.</subfield></datafield><datafield ind1=' ' ind2='7' tag='655'><subfield code='a'>Juvenile Literature</subfield><subfield code='y'>1798.</subfield><subfield code='2'>rbgenr.</subfield></datafield><datafield ind1=' ' ind2=' ' tag='752'><subfield code='a'>United States</subfield><subfield code='b'>Massachusetts</subfield><subfield code='d'>Boston.</subfield></datafield><datafield ind1=' ' ind2='0' tag='830'><subfield code='a'>Early American imprints.</subfield><subfield code='n'>First series ;</subfield><subfield code='v'>no. 34526.</subfield></datafield><datafield ind1='4' ind2='1' tag='856'><subfield code='u'>http://opac.newsbank.com/select/evans/34526</subfield><subfield code='y'>Evans Digital Edition</subfield></datafield><datafield ind1=' ' ind2=' ' tag='907'><subfield code='a'>.b29590528</subfield><subfield code='b'>w    </subfield><subfield code='c'>-</subfield></datafield><datafield ind1=' ' ind2=' ' tag='902'><subfield code='a'>130112</subfield></datafield><datafield ind1=' ' ind2=' ' tag='998'><subfield code='b'>1</subfield><subfield code='c'>051217</subfield><subfield code='d'>m</subfield><subfield code='e'>@</subfield><subfield code='f'>-</subfield><subfield code='g'>0</subfield></datafield><datafield ind1=' ' ind2=' ' tag='902'><subfield code='a'>e-resources trial</subfield></datafield><datafield ind1=' ' ind2=' ' tag='998'><subfield code='b'>1</subfield><subfield code='c'>051217</subfield><subfield code='d'>m</subfield><subfield code='e'>a</subfield><subfield code='f'>n</subfield><subfield code='g'>0</subfield></datafield><datafield ind1=' ' ind2=' ' tag='945'><subfield code='l'>w    </subfield><subfield code='g'>1</subfield></datafield><datafield ind1=' ' ind2=' ' tag='ADM'><subfield code='e'>b29590528-01tuli_inst</subfield><subfield code='d'>ILS</subfield><subfield code='a'>2017-06-20 06:54:51</subfield><subfield code='c'>false</subfield></datafield><datafield ind1=' ' ind2=' ' tag='PRT'><subfield code='a'>53387406680003811</subfield><subfield code='b'>https://sandbox01-na.alma.exlibrisgroup.com/view/uresolver/01TULI_INST/openurl?u.ignore_date_coverage=true&amp;rft.mms_id=991010585949703811</subfield><subfield code='9'>Available</subfield><subfield code='d'>MAIN</subfield><subfield code='c'>Early American imprints, First Series</subfield><subfield code='8'>53387406680003811</subfield></datafield></record>