
<record xmlns='http://www.loc.gov/MARC21/slim'><leader>01724cam a2200433Ia 4500</leader><controlfield tag='005'>20180315124406.0</controlfield><controlfield tag='008'>110728s2011    ii       b    001 0 eng d</controlfield><controlfield tag='001'>991028636469703811</controlfield><datafield ind1=' ' ind2=' ' tag='010'><subfield code='a'>2011351621</subfield></datafield><datafield ind1=' ' ind2=' ' tag='020'><subfield code='a'>9780198075110 (hbk.)</subfield></datafield><datafield ind1=' ' ind2=' ' tag='020'><subfield code='a'>0198075111 (hbk.)</subfield></datafield><datafield ind1=' ' ind2=' ' tag='035'><subfield code='a'>(PPT)b51925977-01tuli_inst</subfield></datafield><datafield ind1=' ' ind2=' ' tag='035'><subfield code='a'>(OCoLC)ocn795765565</subfield><subfield code='9'>ExL</subfield></datafield><datafield ind1=' ' ind2=' ' tag='035'><subfield code='a'>(OCoLC)751732236</subfield></datafield><datafield ind1=' ' ind2=' ' tag='035'><subfield code='a'>ocn751732236</subfield></datafield><datafield ind1=' ' ind2=' ' tag='035'><subfield code='a'>(OCLC)ocn751732236</subfield></datafield><datafield ind1=' ' ind2=' ' tag='037'><subfield code='b'>Library of Congress -- New Delhi Overseas Office</subfield></datafield><datafield ind1=' ' ind2=' ' tag='040'><subfield code='a'>UKMGB</subfield><subfield code='b'>eng</subfield><subfield code='c'>UKMGB</subfield><subfield code='d'>YDXCP</subfield><subfield code='d'>EUW</subfield><subfield code='d'>DKAGE</subfield><subfield code='d'>BTCTA</subfield><subfield code='d'>DLC</subfield><subfield code='d'>BWX</subfield><subfield code='d'>CDX</subfield></datafield><datafield ind1=' ' ind2=' ' tag='043'><subfield code='a'>e-uk---</subfield><subfield code='a'>a-ii---</subfield></datafield><datafield ind1=' ' ind2=' ' tag='079'><subfield code='a'>ocn751732236</subfield></datafield><datafield ind1=' ' ind2=' ' tag='090'><subfield code='a'>HQ670.15.C35</subfield><subfield code='b'>R63 2011</subfield></datafield><datafield ind1='1' ind2=' ' tag='100'><subfield code='a'>Robb, Peter</subfield><subfield code='q'>(Peter G.)</subfield></datafield><datafield ind1='1' ind2='0' tag='245'><subfield code='a'>Sex and sensibility :</subfield><subfield code='b'>Richard Blechynden&apos;s Calcutta diaries, 1791-1822 /</subfield><subfield code='c'>Peter Robb.</subfield></datafield><datafield ind1=' ' ind2=' ' tag='260'><subfield code='a'>New Delhi :</subfield><subfield code='b'>Oxford University Press,</subfield><subfield code='c'>2011.</subfield></datafield><datafield ind1=' ' ind2=' ' tag='300'><subfield code='a'>xiv, 260 p. ;</subfield><subfield code='c'>22 cm.</subfield></datafield><datafield ind1=' ' ind2=' ' tag='504'><subfield code='a'>Includes bibliographical references and index</subfield></datafield><datafield ind1='1' ind2='0' tag='600'><subfield code='a'>Blechynden, Richard,</subfield><subfield code='d'>1760-1822</subfield><subfield code='v'>Diaries.</subfield></datafield><datafield ind1=' ' ind2='0' tag='650'><subfield code='a'>British</subfield><subfield code='z'>India</subfield><subfield code='z'>Calcutta</subfield><subfield code='v'>Diaries.</subfield></datafield><datafield ind1=' ' ind2='0' tag='650'><subfield code='a'>British</subfield><subfield code='x'>Sexual behavior</subfield><subfield code='z'>India</subfield><subfield code='z'>Calcutta</subfield><subfield code='x'>History</subfield><subfield code='y'>19th century.</subfield></datafield><datafield ind1=' ' ind2='2' tag='650'><subfield code='a'>Sexual Behavior</subfield><subfield code='x'>history.</subfield></datafield><datafield ind1=' ' ind2='0' tag='651'><subfield code='a'>Kolkata (India)</subfield></datafield><datafield ind1='4' ind2='2' tag='856'><subfield code='3'>Contributor biographical information</subfield><subfield code='u'>http://catdir.loc.gov/catdir/enhancements/fy1205/2011351621-b.html</subfield></datafield><datafield ind1='4' ind2='2' tag='856'><subfield code='3'>Publisher description</subfield><subfield code='u'>http://catdir.loc.gov/catdir/enhancements/fy1205/2011351621-d.html</subfield></datafield><datafield ind1='4' ind2='1' tag='856'><subfield code='3'>Table of contents only</subfield><subfield code='u'>http://catdir.loc.gov/catdir/enhancements/fy1205/2011351621-t.html</subfield></datafield><datafield ind1=' ' ind2=' ' tag='907'><subfield code='a'>.b51925977</subfield><subfield code='b'>p    </subfield><subfield code='c'>-</subfield></datafield><datafield ind1=' ' ind2=' ' tag='945'><subfield code='l'>pstk </subfield><subfield code='g'>1</subfield></datafield><datafield ind1=' ' ind2=' ' tag='979'><subfield code='a'>ocn751732236</subfield></datafield><datafield ind1=' ' ind2=' ' tag='998'><subfield code='b'>1</subfield><subfield code='c'>120524</subfield><subfield code='d'>m</subfield><subfield code='e'>a</subfield><subfield code='f'>-</subfield><subfield code='g'>0</subfield></datafield><datafield ind1=' ' ind2=' ' tag='998'><subfield code='a'>05/24/12</subfield><subfield code='s'>LC</subfield><subfield code='c'>YL</subfield></datafield><datafield ind1=' ' ind2=' ' tag='ADM'><subfield code='b'>2018-06-20 01:51:03</subfield><subfield code='e'>b51925977-01tuli_inst</subfield><subfield code='d'>ILS</subfield><subfield code='a'>2017-06-20 11:54:55</subfield><subfield code='c'>false</subfield></datafield><datafield ind1='0' ind2=' ' tag='HLD'><subfield code='b'>MAIN</subfield><subfield code='c'>stacks</subfield><subfield code='h'>HQ670.15.C35</subfield><subfield code='i'>R63 2011</subfield><subfield code='8'>22314563500003811</subfield></datafield><datafield ind1=' ' ind2=' ' tag='ITM'><subfield code='r'>22314563500003811</subfield><subfield code='b'>1</subfield><subfield code='h'>0</subfield><subfield code='g'>stacks</subfield><subfield code='t'>BOOK</subfield><subfield code='9'>39074026440107</subfield><subfield code='e'>stacks</subfield><subfield code='8'>23314563490003811</subfield><subfield code='a'>0</subfield><subfield code='q'>2017-06-20 11:54:55</subfield><subfield code='i'>HQ670.15.C35 R63 2011</subfield><subfield code='d'>MAIN</subfield><subfield code='f'>MAIN</subfield></datafield></record>