
<record xmlns='http://www.loc.gov/MARC21/slim'><leader>01820nam  2200457 i 4500</leader><controlfield tag='006'>m     o  d |      </controlfield><controlfield tag='007'>cr cnu||||||||</controlfield><controlfield tag='008'>170621t20172017nju     o     001 0 eng d</controlfield><controlfield tag='001'>991036848379503811</controlfield><datafield ind1=' ' ind2=' ' tag='020'><subfield code='a'>9780691176680</subfield></datafield><datafield ind1=' ' ind2=' ' tag='020'><subfield code='a'>9781400884841 (Proquest Ebook Central)</subfield></datafield><datafield ind1=' ' ind2=' ' tag='020'><subfield code='a'>1400884845</subfield></datafield><datafield ind1=' ' ind2=' ' tag='020'><subfield code='a'>9781400884841</subfield></datafield><datafield ind1=' ' ind2=' ' tag='035'><subfield code='a'>(MiAaPQ)EBC4865446</subfield></datafield><datafield ind1=' ' ind2=' ' tag='035'><subfield code='a'>(OCoLC)985842852</subfield></datafield><datafield ind1=' ' ind2=' ' tag='035'><subfield code='a'>(CaONFJC)EBC4865446</subfield></datafield><datafield ind1=' ' ind2=' ' tag='037'><subfield code='a'>4865446</subfield><subfield code='b'>Proquest Ebook Central</subfield></datafield><datafield ind1=' ' ind2=' ' tag='040'><subfield code='a'>CaONFJC</subfield><subfield code='e'>rda</subfield><subfield code='c'>CaONFJC</subfield></datafield><datafield ind1=' ' ind2='4' tag='050'><subfield code='a'>HB72</subfield><subfield code='b'>.M677 2017</subfield></datafield><datafield ind1='0' ind2=' ' tag='082'><subfield code='a'>174</subfield><subfield code='2'>23</subfield></datafield><datafield ind1='1' ind2=' ' tag='100'><subfield code='a'>Morson, Gary Saul,</subfield><subfield code='e'>author.</subfield></datafield><datafield ind1='1' ind2='0' tag='245'><subfield code='a'>Cents and sensibility :</subfield><subfield code='b'>what economics can learn from the humanities /</subfield><subfield code='c'>Gary Saul Morson and Morton Schapiro.</subfield></datafield><datafield ind1=' ' ind2='1' tag='264'><subfield code='a'>Princeton, New Jersey ;</subfield><subfield code='a'>Oxford, [England] :</subfield><subfield code='b'>Princeton University Press,</subfield><subfield code='c'>2017.</subfield></datafield><datafield ind1=' ' ind2='4' tag='264'><subfield code='c'>©2017</subfield></datafield><datafield ind1=' ' ind2=' ' tag='300'><subfield code='a'>1 online resource (308 pages)</subfield></datafield><datafield ind1=' ' ind2=' ' tag='336'><subfield code='a'>text</subfield><subfield code='b'>txt</subfield><subfield code='2'>rdacontent</subfield></datafield><datafield ind1=' ' ind2=' ' tag='337'><subfield code='a'>computer</subfield><subfield code='b'>c</subfield><subfield code='2'>rdamedia</subfield></datafield><datafield ind1=' ' ind2=' ' tag='338'><subfield code='a'>online resource</subfield><subfield code='b'>cr</subfield><subfield code='2'>rdacarrier</subfield></datafield><datafield ind1=' ' ind2=' ' tag='500'><subfield code='a'>Includes index.</subfield></datafield><datafield ind1=' ' ind2=' ' tag='588'><subfield code='a'>Description based on print version record.</subfield></datafield><datafield ind1=' ' ind2='0' tag='650'><subfield code='a'>Economics</subfield><subfield code='x'>Moral and ethical aspects.</subfield></datafield><datafield ind1=' ' ind2='0' tag='650'><subfield code='a'>Economics</subfield><subfield code='x'>Psychological aspects.</subfield></datafield><datafield ind1='1' ind2=' ' tag='700'><subfield code='a'>Schapiro, Morton,</subfield><subfield code='e'>author.</subfield></datafield><datafield ind1='2' ind2=' ' tag='710'><subfield code='a'>Ebook Central</subfield></datafield><datafield ind1='0' ind2='8' tag='776'><subfield code='i'>Print version:</subfield><subfield code='a'>Morson, Gary Saul.</subfield><subfield code='t'>Cents and sensibility : what economics can learn from the humanities.</subfield><subfield code='d'>Princeton, New Jersey ; Oxford, [England] : Princeton University Press, c2017 </subfield><subfield code='h'>ix, 307 pages </subfield><subfield code='z'>9780691176680 </subfield><subfield code='w'>2017930423</subfield></datafield><datafield ind1='2' ind2=' ' tag='797'><subfield code='a'>ProQuest (Firm)</subfield></datafield><datafield ind1='4' ind2='0' tag='856'><subfield code='u'>http://ebookcentral.proquest.com/lib/templeuniv-ebooks/detail.action?docID=4865446</subfield></datafield><datafield ind1=' ' ind2='1' tag='945'><subfield code='l'>w</subfield><subfield code='a'>HB72</subfield><subfield code='b'>.M677 2017</subfield><subfield code='s'>e</subfield><subfield code='t'>29</subfield><subfield code='z'>090</subfield></datafield><datafield ind1=' ' ind2=' ' tag='979'><subfield code='a'>EBC4865446</subfield></datafield><datafield ind1=' ' ind2=' ' tag='980'><subfield code='b'>&lt;listprice100.0+0&gt;</subfield><subfield code='e'>&lt;netprice100.0+0&gt;</subfield><subfield code='f'>I</subfield><subfield code='g'>1</subfield></datafield><datafield ind1=' ' ind2=' ' tag='981'><subfield code='a'>Coutts</subfield><subfield code='b'>ctpdf</subfield><subfield code='c'>w</subfield><subfield code='d'>37857827</subfield><subfield code='e'>SLI</subfield></datafield><datafield ind1=' ' ind2=' ' tag='ADM'><subfield code='b'>2017-11-30 17:46:15</subfield><subfield code='e'>EBC4865446</subfield><subfield code='d'>COUTTS</subfield><subfield code='a'>2017-11-30 17:46:21</subfield><subfield code='c'>false</subfield></datafield><datafield ind1=' ' ind2=' ' tag='PRT'><subfield code='a'>53403339750003811</subfield><subfield code='b'>https://sandbox01-na.alma.exlibrisgroup.com/view/uresolver/01TULI_INST/openurl?u.ignore_date_coverage=true&amp;rft.mms_id=991036848379503811</subfield><subfield code='9'>Available</subfield><subfield code='c'>Ebook Central</subfield><subfield code='8'>53403339750003811</subfield></datafield></record>