
<record xmlns='http://www.loc.gov/MARC21/slim'><leader>01856cam a2200481 a 4500</leader><controlfield tag='005'>20180315171446.0</controlfield><controlfield tag='008'>100122s2009    enka     b    001 0 eng  </controlfield><controlfield tag='001'>991008091669703811</controlfield><datafield ind1=' ' ind2=' ' tag='010'><subfield code='a'>2010290092</subfield></datafield><datafield ind1=' ' ind2=' ' tag='020'><subfield code='a'>9781905981960</subfield></datafield><datafield ind1=' ' ind2=' ' tag='020'><subfield code='a'>1905981961</subfield></datafield><datafield ind1=' ' ind2=' ' tag='020'><subfield code='z'>9780905981960</subfield></datafield><datafield ind1=' ' ind2=' ' tag='035'><subfield code='a'>(PPT)b45589513-01tuli_inst</subfield></datafield><datafield ind1=' ' ind2=' ' tag='035'><subfield code='a'>(OCoLC)ocn714740052</subfield><subfield code='9'>ExL</subfield></datafield><datafield ind1=' ' ind2=' ' tag='035'><subfield code='a'>(OCoLC)229032019</subfield><subfield code='z'>(OCoLC)428893651</subfield></datafield><datafield ind1=' ' ind2=' ' tag='035'><subfield code='a'>ocn229032019</subfield></datafield><datafield ind1=' ' ind2=' ' tag='035'><subfield code='a'>(OCLC)ocn229032019</subfield></datafield><datafield ind1=' ' ind2=' ' tag='040'><subfield code='a'>DLC</subfield><subfield code='c'>DLC</subfield><subfield code='d'>BTCTA</subfield><subfield code='d'>YDXCP</subfield><subfield code='d'>BAKER</subfield><subfield code='d'>CDX</subfield><subfield code='d'>BWK</subfield><subfield code='d'>HLS</subfield><subfield code='d'>IUL</subfield><subfield code='d'>GEBAY</subfield><subfield code='d'>NLE</subfield><subfield code='d'>UTO</subfield><subfield code='d'>STF</subfield><subfield code='d'>GUA</subfield><subfield code='d'>U5D</subfield></datafield><datafield ind1=' ' ind2=' ' tag='043'><subfield code='a'>e-fr---</subfield></datafield><datafield ind1=' ' ind2=' ' tag='049'><subfield code='a'>IG$A</subfield></datafield><datafield ind1=' ' ind2=' ' tag='079'><subfield code='a'>ocn229032019</subfield></datafield><datafield ind1=' ' ind2=' ' tag='090'><subfield code='a'>PQ648</subfield><subfield code='b'>.L48 2009</subfield></datafield><datafield ind1='1' ind2=' ' tag='100'><subfield code='a'>Lewis, Ann Marie.</subfield></datafield><datafield ind1='1' ind2='0' tag='245'><subfield code='a'>Sensibility, reading and illustration :</subfield><subfield code='b'>spectacles and signs in Graffigny, Marivaux and Rousseau /</subfield><subfield code='c'>Ann Lewis.</subfield></datafield><datafield ind1=' ' ind2=' ' tag='260'><subfield code='a'>London :</subfield><subfield code='b'>Legenda,</subfield><subfield code='c'>2009.</subfield></datafield><datafield ind1=' ' ind2=' ' tag='300'><subfield code='a'>xvii, 291 p. :</subfield><subfield code='b'>ill. ;</subfield><subfield code='c'>26 cm.</subfield></datafield><datafield ind1=' ' ind2=' ' tag='504'><subfield code='a'>Includes bibliographical references (p. [267]-283) and index.</subfield></datafield><datafield ind1='1' ind2='0' tag='600'><subfield code='a'>Grafigny,</subfield><subfield code='c'>Mme de</subfield><subfield code='q'>(Françoise d&apos;Issembourg d&apos;Happoncourt),</subfield><subfield code='d'>1695-1758</subfield><subfield code='x'>Criticism and interpretation.</subfield></datafield><datafield ind1='1' ind2='0' tag='600'><subfield code='a'>Marivaux, Pierre Carlet de Chamblain de,</subfield><subfield code='d'>1688-1763</subfield><subfield code='x'>Criticism and interpretation.</subfield></datafield><datafield ind1='1' ind2='0' tag='600'><subfield code='a'>Rousseau, Jean-Jacques,</subfield><subfield code='d'>1712-1778</subfield><subfield code='x'>Criticism and interpretation.</subfield></datafield><datafield ind1=' ' ind2='0' tag='650'><subfield code='a'>French fiction</subfield><subfield code='y'>18th century</subfield><subfield code='x'>History and criticism.</subfield></datafield><datafield ind1=' ' ind2='0' tag='650'><subfield code='a'>Emotions in literature.</subfield></datafield><datafield ind1=' ' ind2='0' tag='650'><subfield code='a'>Visual perception in literature.</subfield></datafield><datafield ind1=' ' ind2='0' tag='650'><subfield code='a'>French fiction</subfield><subfield code='x'>Illustrations.</subfield></datafield><datafield ind1=' ' ind2='0' tag='650'><subfield code='a'>Illustration of books</subfield><subfield code='z'>France</subfield><subfield code='x'>History</subfield><subfield code='y'>18th century.</subfield></datafield><datafield ind1=' ' ind2='0' tag='650'><subfield code='a'>Books and reading</subfield><subfield code='z'>France</subfield><subfield code='x'>History</subfield><subfield code='y'>18th century.</subfield></datafield><datafield ind1=' ' ind2='0' tag='650'><subfield code='a'>Reader-response criticism.</subfield></datafield><datafield ind1=' ' ind2=' ' tag='901'><subfield code='a'>BNA</subfield></datafield><datafield ind1=' ' ind2=' ' tag='907'><subfield code='a'>.b45589513</subfield><subfield code='b'>p    </subfield><subfield code='c'>-</subfield></datafield><datafield ind1=' ' ind2=' ' tag='945'><subfield code='l'>pstk </subfield><subfield code='g'>1</subfield></datafield><datafield ind1=' ' ind2=' ' tag='979'><subfield code='a'>ocn229032019</subfield></datafield><datafield ind1=' ' ind2=' ' tag='998'><subfield code='b'>1</subfield><subfield code='c'>110401</subfield><subfield code='d'>m</subfield><subfield code='e'>a</subfield><subfield code='f'>-</subfield><subfield code='g'>0</subfield></datafield><datafield ind1=' ' ind2=' ' tag='998'><subfield code='b'>1</subfield><subfield code='c'>110401</subfield><subfield code='d'>m</subfield><subfield code='e'>a</subfield><subfield code='f'>-</subfield><subfield code='g'>0</subfield></datafield><datafield ind1=' ' ind2=' ' tag='ADM'><subfield code='b'>2018-06-19 00:47:39</subfield><subfield code='e'>b45589513-01tuli_inst</subfield><subfield code='d'>ILS</subfield><subfield code='a'>2017-06-20 10:26:43</subfield><subfield code='c'>false</subfield></datafield><datafield ind1='0' ind2=' ' tag='HLD'><subfield code='b'>MAIN</subfield><subfield code='c'>stacks</subfield><subfield code='h'>PQ648</subfield><subfield code='i'>.L48 2009</subfield><subfield code='8'>22302982180003811</subfield></datafield><datafield ind1=' ' ind2=' ' tag='ITM'><subfield code='r'>22302982180003811</subfield><subfield code='b'>1</subfield><subfield code='h'>0</subfield><subfield code='g'>stacks</subfield><subfield code='t'>BOOK</subfield><subfield code='9'>39074026267070</subfield><subfield code='e'>stacks</subfield><subfield code='8'>23302982170003811</subfield><subfield code='a'>0</subfield><subfield code='q'>2017-06-20 10:26:43</subfield><subfield code='i'>PQ648 .L48 2009</subfield><subfield code='d'>MAIN</subfield><subfield code='f'>MAIN</subfield></datafield></record>