
<record xmlns='http://www.loc.gov/MARC21/slim'><leader>01874pam a22005534a 4500</leader><controlfield tag='005'>20170826031604.0</controlfield><controlfield tag='008'>051115s2006    enka     b    000 f eng  </controlfield><controlfield tag='001'>991014016849703811</controlfield><datafield ind1=' ' ind2=' ' tag='010'><subfield code='a'>2005032569</subfield></datafield><datafield ind1=' ' ind2=' ' tag='020'><subfield code='a'>0521824362 (hbk.)</subfield></datafield><datafield ind1='3' ind2=' ' tag='024'><subfield code='c'>9780521824361 (hbk.)</subfield></datafield><datafield ind1=' ' ind2=' ' tag='035'><subfield code='a'>(PPT)b30506591-01tuli_inst</subfield></datafield><datafield ind1=' ' ind2=' ' tag='035'><subfield code='a'>(OCoLC)ocn491768682</subfield><subfield code='9'>ExL</subfield></datafield><datafield ind1=' ' ind2=' ' tag='035'><subfield code='a'>DLCOCM62330652</subfield></datafield><datafield ind1=' ' ind2=' ' tag='035'><subfield code='a'>ocm62330652</subfield></datafield><datafield ind1=' ' ind2=' ' tag='035'><subfield code='a'>(OCLC)ocm62330652</subfield></datafield><datafield ind1=' ' ind2=' ' tag='040'><subfield code='a'>DLC</subfield><subfield code='c'>DLC</subfield><subfield code='d'>UKM</subfield><subfield code='d'>BAKER</subfield><subfield code='d'>BWKUK</subfield></datafield><datafield ind1=' ' ind2=' ' tag='043'><subfield code='a'>e-uk-en</subfield></datafield><datafield ind1=' ' ind2=' ' tag='079'><subfield code='a'>ocm62330652</subfield></datafield><datafield ind1=' ' ind2=' ' tag='090'><subfield code='a'>PR4034</subfield><subfield code='b'>.S4 2006</subfield></datafield><datafield ind1='1' ind2=' ' tag='100'><subfield code='a'>Austen, Jane,</subfield><subfield code='d'>1775-1817.</subfield></datafield><datafield ind1='1' ind2='0' tag='245'><subfield code='a'>Sense and sensibility /</subfield><subfield code='c'>Jane Austen ; edited by Edward Copeland.</subfield></datafield><datafield ind1=' ' ind2=' ' tag='260'><subfield code='a'>Cambridge, UK ;</subfield><subfield code='a'>New York :</subfield><subfield code='b'>Cambridge University Press,</subfield><subfield code='c'>2006.</subfield></datafield><datafield ind1=' ' ind2=' ' tag='300'><subfield code='a'>lxviii, 500 p. :</subfield><subfield code='b'>ill. ;</subfield><subfield code='c'>23 cm.</subfield></datafield><datafield ind1='1' ind2=' ' tag='490'><subfield code='a'>Cambridge edition of the works of Jane Austen.</subfield></datafield><datafield ind1=' ' ind2=' ' tag='504'><subfield code='a'>Includes bibliographical references.</subfield></datafield><datafield ind1=' ' ind2='0' tag='650'><subfield code='a'>Inheritance and succession</subfield><subfield code='v'>Fiction.</subfield></datafield><datafield ind1=' ' ind2='0' tag='650'><subfield code='a'>Social classes</subfield><subfield code='v'>Fiction.</subfield></datafield><datafield ind1=' ' ind2='0' tag='650'><subfield code='a'>Young women</subfield><subfield code='v'>Fiction.</subfield></datafield><datafield ind1=' ' ind2='0' tag='650'><subfield code='a'>Sisters</subfield><subfield code='v'>Fiction.</subfield></datafield><datafield ind1=' ' ind2='0' tag='651'><subfield code='a'>England</subfield><subfield code='v'>Fiction.</subfield></datafield><datafield ind1=' ' ind2='7' tag='655'><subfield code='a'>Love stories.</subfield><subfield code='2'>gsafd.</subfield></datafield><datafield ind1=' ' ind2='0' tag='655'><subfield code='a'>Domestic fiction.</subfield></datafield><datafield ind1='1' ind2=' ' tag='700'><subfield code='a'>Copeland, Edward.</subfield></datafield><datafield ind1='1' ind2=' ' tag='800'><subfield code='a'>Austen, Jane,</subfield><subfield code='d'>1775-1817.</subfield><subfield code='t'>Works.</subfield><subfield code='f'>2005.</subfield></datafield><datafield ind1='4' ind2='1' tag='856'><subfield code='z'>Access Table of Contents.</subfield><subfield code='u'>http://www.loc.gov/catdir/toc/ecip063/2005032569.html</subfield></datafield><datafield ind1='4' ind2='2' tag='856'><subfield code='z'>Access description provided by publisher.</subfield><subfield code='u'>http://www.loc.gov/catdir/enhancements/fy0633/2005032569-d.html</subfield></datafield><datafield ind1=' ' ind2=' ' tag='901'><subfield code='a'>BNA</subfield></datafield><datafield ind1=' ' ind2=' ' tag='901'><subfield code='a'>R6602259</subfield></datafield><datafield ind1=' ' ind2=' ' tag='902'><subfield code='a'>160621</subfield></datafield><datafield ind1=' ' ind2=' ' tag='902'><subfield code='a'>061011AB0701</subfield></datafield><datafield ind1='0' ind2='0' tag='905'><subfield code='a'>The Cambridge edition of the works of Jane Austen</subfield></datafield><datafield ind1=' ' ind2=' ' tag='907'><subfield code='a'>.b30506591</subfield><subfield code='b'>multi</subfield><subfield code='c'>-</subfield></datafield><datafield ind1=' ' ind2=' ' tag='945'><subfield code='l'>astk </subfield><subfield code='g'>1</subfield></datafield><datafield ind1=' ' ind2=' ' tag='945'><subfield code='l'>pstk </subfield><subfield code='g'>1</subfield></datafield><datafield ind1=' ' ind2=' ' tag='945'><subfield code='l'>pstk </subfield><subfield code='g'>1</subfield></datafield><datafield ind1=' ' ind2=' ' tag='979'><subfield code='a'>ocm62330652</subfield></datafield><datafield ind1=' ' ind2=' ' tag='998'><subfield code='b'>6</subfield><subfield code='c'>061101</subfield><subfield code='d'>m</subfield><subfield code='e'>a</subfield><subfield code='f'>-</subfield><subfield code='g'>0</subfield></datafield><datafield ind1=' ' ind2=' ' tag='998'><subfield code='b'>0</subfield><subfield code='c'>061101</subfield><subfield code='d'>m</subfield><subfield code='e'>a</subfield><subfield code='f'>-</subfield><subfield code='g'>0</subfield></datafield><datafield ind1=' ' ind2=' ' tag='ADM'><subfield code='b'>2018-06-19 03:22:44</subfield><subfield code='e'>b30506591-01tuli_inst</subfield><subfield code='d'>ILS</subfield><subfield code='a'>2017-06-20 12:27:34</subfield><subfield code='c'>false</subfield></datafield><datafield ind1='0' ind2=' ' tag='HLD'><subfield code='b'>MAIN</subfield><subfield code='c'>stacks</subfield><subfield code='h'>PR4034</subfield><subfield code='i'>.S4 2006</subfield><subfield code='8'>22318317480003811</subfield></datafield><datafield ind1='0' ind2=' ' tag='HLD'><subfield code='b'>AMBLER</subfield><subfield code='c'>stacks</subfield><subfield code='h'>PR4034</subfield><subfield code='i'>.S4 2006</subfield><subfield code='8'>22318317430003811</subfield></datafield><datafield ind1=' ' ind2=' ' tag='ITM'><subfield code='r'>22318317480003811</subfield><subfield code='b'>1</subfield><subfield code='h'>0</subfield><subfield code='g'>stacks</subfield><subfield code='t'>BOOK</subfield><subfield code='9'>39074028166445</subfield><subfield code='e'>stacks</subfield><subfield code='8'>23318317440003811</subfield><subfield code='a'>0</subfield><subfield code='q'>2017-06-20 12:27:34</subfield><subfield code='i'>PR4034 .S4 2006</subfield><subfield code='d'>MAIN</subfield><subfield code='f'>MAIN</subfield></datafield><datafield ind1=' ' ind2=' ' tag='ITM'><subfield code='r'>22318317430003811</subfield><subfield code='b'>1</subfield><subfield code='h'>0</subfield><subfield code='g'>stacks</subfield><subfield code='t'>BOOK</subfield><subfield code='9'>39074026076455</subfield><subfield code='e'>stacks</subfield><subfield code='8'>23318317410003811</subfield><subfield code='a'>0</subfield><subfield code='q'>2017-06-20 12:27:34</subfield><subfield code='i'>PR4034 .S4 2006</subfield><subfield code='d'>AMBLER</subfield><subfield code='f'>AMBLER</subfield></datafield><datafield ind1=' ' ind2=' ' tag='ITM'><subfield code='r'>22318317480003811</subfield><subfield code='b'>0</subfield><subfield code='u'>MISSING</subfield><subfield code='h'>0</subfield><subfield code='g'>stacks</subfield><subfield code='t'>BOOK</subfield><subfield code='9'>39074022197313</subfield><subfield code='e'>stacks</subfield><subfield code='8'>23318317470003811</subfield><subfield code='a'>0</subfield><subfield code='q'>2017-06-20 12:27:34</subfield><subfield code='i'>PR4034 .S4 2006</subfield><subfield code='d'>MAIN</subfield><subfield code='f'>MAIN</subfield></datafield></record>