
<record xmlns='http://www.loc.gov/MARC21/slim'><leader>01880cam a22005294a 4500</leader><controlfield tag='005'>20170825203818.0</controlfield><controlfield tag='008'>030220s2004    nyua     b    001 0 eng  </controlfield><controlfield tag='001'>991012402869703811</controlfield><datafield ind1=' ' ind2=' ' tag='010'><subfield code='a'>2003004245</subfield></datafield><datafield ind1=' ' ind2=' ' tag='020'><subfield code='a'>0195141016 (cloth)</subfield></datafield><datafield ind1=' ' ind2=' ' tag='020'><subfield code='a'>019530490x (pbk.)</subfield></datafield><datafield ind1=' ' ind2=' ' tag='035'><subfield code='a'>(PPT)b30034632-01tuli_inst</subfield></datafield><datafield ind1=' ' ind2=' ' tag='035'><subfield code='a'>(DLC)ocn491591942</subfield><subfield code='9'>ExL</subfield></datafield><datafield ind1=' ' ind2=' ' tag='035'><subfield code='a'>DLC  2003004245</subfield></datafield><datafield ind1=' ' ind2=' ' tag='035'><subfield code='a'>ocm51728713</subfield></datafield><datafield ind1=' ' ind2=' ' tag='035'><subfield code='a'>(OCLC)ocm51728713</subfield></datafield><datafield ind1=' ' ind2=' ' tag='040'><subfield code='a'>DLC</subfield><subfield code='c'>DLC</subfield><subfield code='d'>DLC</subfield></datafield><datafield ind1=' ' ind2=' ' tag='042'><subfield code='a'>pcc</subfield></datafield><datafield ind1=' ' ind2=' ' tag='043'><subfield code='a'>n-us---</subfield></datafield><datafield ind1=' ' ind2=' ' tag='079'><subfield code='a'>ocm51728713</subfield></datafield><datafield ind1=' ' ind2=' ' tag='090'><subfield code='a'>HV9471</subfield><subfield code='b'>.T65 2004</subfield></datafield><datafield ind1='1' ind2=' ' tag='100'><subfield code='a'>Tonry, Michael H.</subfield></datafield><datafield ind1='1' ind2='0' tag='245'><subfield code='a'>Thinking about crime :</subfield><subfield code='b'>sense and sensibility in American penal culture /</subfield><subfield code='c'>Michael Tonry.</subfield></datafield><datafield ind1=' ' ind2=' ' tag='260'><subfield code='a'>New York :</subfield><subfield code='b'>Oxford University Press,</subfield><subfield code='c'>2004.</subfield></datafield><datafield ind1=' ' ind2=' ' tag='300'><subfield code='a'>x, 260 p. :</subfield><subfield code='b'>ill. ;</subfield><subfield code='c'>22 cm.</subfield></datafield><datafield ind1=' ' ind2='0' tag='440'><subfield code='a'>Studies in crime and public policy.</subfield></datafield><datafield ind1=' ' ind2=' ' tag='504'><subfield code='a'>Includes bibliographical references and index.</subfield></datafield><datafield ind1=' ' ind2='0' tag='650'><subfield code='a'>Prisons</subfield><subfield code='x'>Government policy</subfield><subfield code='z'>United States.</subfield></datafield><datafield ind1=' ' ind2='0' tag='650'><subfield code='a'>Crime prevention</subfield><subfield code='z'>United States.</subfield></datafield><datafield ind1=' ' ind2='0' tag='650'><subfield code='a'>Discrimination in criminal justice administration</subfield><subfield code='z'>United States.</subfield></datafield><datafield ind1=' ' ind2='0' tag='650'><subfield code='a'>Prisons in mass media</subfield><subfield code='z'>United States.</subfield></datafield><datafield ind1=' ' ind2='0' tag='650'><subfield code='a'>Prisons</subfield><subfield code='z'>United States</subfield><subfield code='x'>Public opinion.</subfield></datafield><datafield ind1=' ' ind2='0' tag='650'><subfield code='a'>Public opinion</subfield><subfield code='z'>United States.</subfield></datafield><datafield ind1=' ' ind2='0' tag='651'><subfield code='a'>United States</subfield><subfield code='x'>Politics and government</subfield><subfield code='y'>2001-</subfield></datafield><datafield ind1='4' ind2='2' tag='856'><subfield code='z'>Access description provided by publisher</subfield><subfield code='u'>http://www.loc.gov/catdir/enhancements/fy0614/2003004245-d.html</subfield></datafield><datafield ind1='4' ind2='1' tag='856'><subfield code='z'>Access table of contents</subfield><subfield code='u'>http://www.loc.gov/catdir/enhancements/fy0614/2003004245-t.html</subfield></datafield><datafield ind1=' ' ind2=' ' tag='901'><subfield code='a'>BNA</subfield></datafield><datafield ind1=' ' ind2=' ' tag='901'><subfield code='a'>R7421511</subfield></datafield><datafield ind1=' ' ind2=' ' tag='902'><subfield code='a'>140910</subfield></datafield><datafield ind1=' ' ind2=' ' tag='902'><subfield code='a'>060329AF0701</subfield></datafield><datafield ind1='0' ind2='0' tag='905'><subfield code='a'>Studies in crime &amp; public policy</subfield></datafield><datafield ind1=' ' ind2=' ' tag='907'><subfield code='a'>.b30034632</subfield><subfield code='b'>multi</subfield><subfield code='c'>-</subfield></datafield><datafield ind1=' ' ind2=' ' tag='945'><subfield code='l'>astk </subfield><subfield code='g'>1</subfield></datafield><datafield ind1=' ' ind2=' ' tag='945'><subfield code='l'>pstk </subfield><subfield code='g'>1</subfield></datafield><datafield ind1=' ' ind2=' ' tag='979'><subfield code='a'>ocm51728713</subfield></datafield><datafield ind1=' ' ind2=' ' tag='998'><subfield code='b'>4</subfield><subfield code='c'>060413</subfield><subfield code='d'>m</subfield><subfield code='e'>a</subfield><subfield code='f'>-</subfield><subfield code='g'>0</subfield></datafield><datafield ind1=' ' ind2=' ' tag='998'><subfield code='b'>0</subfield><subfield code='c'>060413</subfield><subfield code='d'>m</subfield><subfield code='e'>a</subfield><subfield code='f'>-</subfield><subfield code='g'>0</subfield></datafield><datafield ind1=' ' ind2=' ' tag='ADM'><subfield code='b'>2018-07-02 07:36:03</subfield><subfield code='e'>b30034632-01tuli_inst</subfield><subfield code='d'>ILS</subfield><subfield code='a'>2017-06-20 06:11:23</subfield><subfield code='c'>false</subfield></datafield><datafield ind1='0' ind2=' ' tag='HLD'><subfield code='b'>AMBLER</subfield><subfield code='c'>stacks</subfield><subfield code='h'>HV9471</subfield><subfield code='i'>.T65 2004</subfield><subfield code='8'>22242833940003811</subfield></datafield><datafield ind1='0' ind2=' ' tag='HLD'><subfield code='b'>MAIN</subfield><subfield code='c'>stacks</subfield><subfield code='h'>HV9471</subfield><subfield code='i'>.T65 2004</subfield><subfield code='8'>22242833990003811</subfield></datafield><datafield ind1=' ' ind2=' ' tag='ITM'><subfield code='r'>22242833940003811</subfield><subfield code='b'>1</subfield><subfield code='h'>0</subfield><subfield code='g'>stacks</subfield><subfield code='t'>BOOK</subfield><subfield code='9'>39074022946818</subfield><subfield code='e'>stacks</subfield><subfield code='8'>23242833920003811</subfield><subfield code='a'>0</subfield><subfield code='q'>2017-06-20 06:11:23</subfield><subfield code='i'>HV9471 .T65 2004</subfield><subfield code='d'>AMBLER</subfield><subfield code='f'>AMBLER</subfield></datafield><datafield ind1=' ' ind2=' ' tag='ITM'><subfield code='r'>22242833990003811</subfield><subfield code='b'>1</subfield><subfield code='h'>0</subfield><subfield code='g'>stacks</subfield><subfield code='t'>BOOK</subfield><subfield code='9'>39074018566901</subfield><subfield code='e'>stacks</subfield><subfield code='8'>23242833950003811</subfield><subfield code='a'>0</subfield><subfield code='q'>2017-06-20 06:11:23</subfield><subfield code='i'>HV9471 .T65 2004</subfield><subfield code='d'>MAIN</subfield><subfield code='f'>MAIN</subfield></datafield></record>