
<record xmlns='http://www.loc.gov/MARC21/slim'><leader>01895cam a2200421La 4500</leader><controlfield tag='005'>20180315150817.0</controlfield><controlfield tag='006'>m        u        </controlfield><controlfield tag='007'>cr cn-</controlfield><controlfield tag='008'>960305s1997    cau     sb    001 0 eng d</controlfield><controlfield tag='001'>991035302639703811</controlfield><datafield ind1=' ' ind2=' ' tag='020'><subfield code='a'>0585032890 (electronic bk.)</subfield></datafield><datafield ind1=' ' ind2=' ' tag='035'><subfield code='a'>(PPT)b26634867-01tuli_inst</subfield></datafield><datafield ind1=' ' ind2=' ' tag='035'><subfield code='a'>(OCoLC)ocn492979867</subfield><subfield code='9'>ExL</subfield></datafield><datafield ind1=' ' ind2=' ' tag='040'><subfield code='a'>N$T</subfield><subfield code='c'>N$T</subfield><subfield code='d'>OCL</subfield><subfield code='d'>OCLCQ</subfield></datafield><datafield ind1=' ' ind2=' ' tag='049'><subfield code='a'>TEUN</subfield></datafield><datafield ind1=' ' ind2=' ' tag='079'><subfield code='a'>ocm42329998</subfield></datafield><datafield ind1=' ' ind2=' ' tag='090'><subfield code='a'>HQ75.5</subfield><subfield code='b'>.S75 1997eb</subfield></datafield><datafield ind1='1' ind2=' ' tag='100'><subfield code='a'>Stein, Arlene.</subfield></datafield><datafield ind1='1' ind2='0' tag='245'><subfield code='a'>Sex and sensibility</subfield><subfield code='h'>[electronic resource] :</subfield><subfield code='b'>stories of a lesbian generation /</subfield><subfield code='c'>Arlene Stein.</subfield></datafield><datafield ind1=' ' ind2=' ' tag='260'><subfield code='a'>Berkeley :</subfield><subfield code='b'>University of California Press,</subfield><subfield code='c'>c1997.</subfield></datafield><datafield ind1=' ' ind2=' ' tag='300'><subfield code='a'>x, 256 p. ;</subfield><subfield code='c'>24 cm.</subfield></datafield><datafield ind1=' ' ind2=' ' tag='504'><subfield code='a'>Includes bibliographical references (p. 233-250) and index.</subfield></datafield><datafield ind1=' ' ind2=' ' tag='533'><subfield code='a'>Electronic reproduction.</subfield><subfield code='b'>Boulder, Colo. :</subfield><subfield code='c'>NetLibrary,</subfield><subfield code='d'>1999.</subfield><subfield code='n'>Available via the World Wide Web.</subfield><subfield code='n'>Available in multiple electronic file formats.</subfield><subfield code='n'>Access may be limited to NetLibrary affiliated libraries.</subfield></datafield><datafield ind1=' ' ind2=' ' tag='590'><subfield code='a'>Access is available to the Temple Community through use of a networked computer with a Temple IP address.</subfield></datafield><datafield ind1=' ' ind2='0' tag='650'><subfield code='a'>Lesbianism.</subfield></datafield><datafield ind1=' ' ind2='0' tag='650'><subfield code='a'>Lesbians.</subfield></datafield><datafield ind1=' ' ind2='0' tag='650'><subfield code='a'>Identity (Psychology)</subfield></datafield><datafield ind1=' ' ind2='0' tag='650'><subfield code='a'>Lesbian feminism.</subfield></datafield><datafield ind1=' ' ind2='0' tag='655'><subfield code='a'>Electronic books.</subfield></datafield><datafield ind1='2' ind2=' ' tag='710'><subfield code='a'>EBSCO Publishing (Firm)</subfield></datafield><datafield ind1='0' ind2=' ' tag='730'><subfield code='a'>EBSCOhost eBook collection.</subfield></datafield><datafield ind1='1' ind2=' ' tag='776'><subfield code='c'>Original</subfield><subfield code='z'>0520202570</subfield><subfield code='w'>(DLC)   96012500</subfield><subfield code='w'>(OCoLC)34356161</subfield></datafield><datafield ind1='4' ind2=' ' tag='856'><subfield code='3'>Bibliographic record display</subfield><subfield code='u'>http://libproxy.temple.edu/login?url=http://www.netlibrary.com/urlapi.asp?action=summary&amp;v=1&amp;bookid=4582</subfield><subfield code='z'>An electronic book accessible through the World Wide Web; click for information</subfield></datafield><datafield ind1=' ' ind2=' ' tag='902'><subfield code='a'>e-resource trial</subfield></datafield><datafield ind1=' ' ind2=' ' tag='902'><subfield code='a'>Authority information changed to reflect Ebsco&apos;s purchase of NetLibrary in 2011; mrtl 2/16/15</subfield></datafield><datafield ind1=' ' ind2=' ' tag='907'><subfield code='a'>.b26634867</subfield><subfield code='b'>w    </subfield><subfield code='c'>-</subfield></datafield><datafield ind1=' ' ind2=' ' tag='945'><subfield code='l'>w    </subfield><subfield code='g'>1</subfield></datafield><datafield ind1=' ' ind2=' ' tag='998'><subfield code='b'>1</subfield><subfield code='c'>030916</subfield><subfield code='d'>m</subfield><subfield code='e'>@</subfield><subfield code='f'>-</subfield><subfield code='g'>0</subfield></datafield><datafield ind1=' ' ind2=' ' tag='ADM'><subfield code='b'>2018-03-15 19:08:18</subfield><subfield code='e'>b26634867-01tuli_inst</subfield><subfield code='d'>ILS</subfield><subfield code='a'>2017-06-20 07:55:10</subfield><subfield code='c'>false</subfield></datafield><datafield ind1=' ' ind2=' ' tag='PRT'><subfield code='a'>53389172960003811</subfield><subfield code='b'>https://sandbox01-na.alma.exlibrisgroup.com/view/uresolver/01TULI_INST/openurl?u.ignore_date_coverage=true&amp;rft.mms_id=991035302639703811</subfield><subfield code='f'>An electronic book accessible through the World Wide Web; click for information</subfield><subfield code='9'>Available</subfield><subfield code='d'>MAIN</subfield><subfield code='c'>NetLibrary</subfield><subfield code='8'>53389172960003811</subfield></datafield></record>