
<record xmlns='http://www.loc.gov/MARC21/slim'><leader>01902nam  2200469 i 4500</leader><controlfield tag='006'>m     o  d |      </controlfield><controlfield tag='007'>cr cnu||||||||</controlfield><controlfield tag='008'>150228t20152015enkao   ob    001 0 eng d</controlfield><controlfield tag='001'>991036848311203811</controlfield><datafield ind1=' ' ind2=' ' tag='020'><subfield code='a'>9780128022177</subfield></datafield><datafield ind1=' ' ind2=' ' tag='020'><subfield code='a'>9780128024874 (Proquest Ebook Central)</subfield></datafield><datafield ind1=' ' ind2=' ' tag='020'><subfield code='a'>0128024879</subfield></datafield><datafield ind1=' ' ind2=' ' tag='020'><subfield code='a'>9780128024874</subfield></datafield><datafield ind1=' ' ind2=' ' tag='035'><subfield code='a'>(MiAaPQ)EBC1956677</subfield></datafield><datafield ind1=' ' ind2=' ' tag='035'><subfield code='a'>(OCoLC)903489056</subfield></datafield><datafield ind1=' ' ind2=' ' tag='035'><subfield code='a'>(CaONFJC)EBC1956677</subfield></datafield><datafield ind1=' ' ind2=' ' tag='037'><subfield code='a'>1956677</subfield><subfield code='b'>Proquest Ebook Central</subfield></datafield><datafield ind1=' ' ind2=' ' tag='040'><subfield code='a'>CaONFJC</subfield><subfield code='e'>rda</subfield><subfield code='c'>CaONFJC</subfield></datafield><datafield ind1=' ' ind2='4' tag='050'><subfield code='a'>QL737.P98</subfield><subfield code='b'>.G377 2015</subfield></datafield><datafield ind1='0' ind2=' ' tag='082'><subfield code='a'>599.67</subfield><subfield code='2'>23</subfield></datafield><datafield ind1='1' ind2=' ' tag='100'><subfield code='a'>Garstang, Michael,</subfield><subfield code='e'>author.</subfield></datafield><datafield ind1='1' ind2='0' tag='245'><subfield code='a'>Elephant sense and sensibility :</subfield><subfield code='b'>behavior and cognition /</subfield><subfield code='c'>Michael Garstang ; photographers, Wynand du Plessis and Claudia du Plessis.</subfield></datafield><datafield ind1=' ' ind2='1' tag='264'><subfield code='a'>London, England :</subfield><subfield code='b'>Academic Press,</subfield><subfield code='c'>2015.</subfield></datafield><datafield ind1=' ' ind2='4' tag='264'><subfield code='c'>©2015</subfield></datafield><datafield ind1=' ' ind2=' ' tag='300'><subfield code='a'>1 online resource (148 pages) :</subfield><subfield code='b'>illustrations, photographs</subfield></datafield><datafield ind1=' ' ind2=' ' tag='336'><subfield code='a'>text</subfield><subfield code='b'>txt</subfield><subfield code='2'>rdacontent</subfield></datafield><datafield ind1=' ' ind2=' ' tag='337'><subfield code='a'>computer</subfield><subfield code='b'>c</subfield><subfield code='2'>rdamedia</subfield></datafield><datafield ind1=' ' ind2=' ' tag='338'><subfield code='a'>online resource</subfield><subfield code='b'>cr</subfield><subfield code='2'>rdacarrier</subfield></datafield><datafield ind1=' ' ind2=' ' tag='504'><subfield code='a'>Includes bibliographical references and index.</subfield></datafield><datafield ind1=' ' ind2=' ' tag='588'><subfield code='a'>Description based on online resource; title from PDF title page (ebrary, viewed February 28, 2015).</subfield></datafield><datafield ind1=' ' ind2='0' tag='650'><subfield code='a'>Elephants.</subfield></datafield><datafield ind1=' ' ind2='0' tag='650'><subfield code='a'>African elephant</subfield><subfield code='x'>Behavior.</subfield></datafield><datafield ind1='1' ind2=' ' tag='700'><subfield code='a'>Du Plessis, Wynand,</subfield><subfield code='e'>photographer.</subfield></datafield><datafield ind1='1' ind2=' ' tag='700'><subfield code='a'>Du Plessis, Claudia,</subfield><subfield code='e'>photographer.</subfield></datafield><datafield ind1='2' ind2=' ' tag='710'><subfield code='a'>Ebook Central</subfield></datafield><datafield ind1='0' ind2='8' tag='776'><subfield code='i'>Print version:</subfield><subfield code='a'>Garstang, Michael.</subfield><subfield code='t'>Elephant sense and sensibility : behavior and cognition.</subfield><subfield code='d'>London, England : Academic Press, c2015 </subfield><subfield code='h'>xiii, 133 pages </subfield><subfield code='z'>9780128022177</subfield></datafield><datafield ind1='2' ind2=' ' tag='797'><subfield code='a'>ProQuest (Firm)</subfield></datafield><datafield ind1='4' ind2='0' tag='856'><subfield code='u'>http://ebookcentral.proquest.com/lib/templeuniv-ebooks/detail.action?docID=1956677</subfield></datafield><datafield ind1=' ' ind2='1' tag='945'><subfield code='l'>w</subfield><subfield code='a'>QL737.P98</subfield><subfield code='b'>.G377 2015</subfield><subfield code='s'>e</subfield><subfield code='t'>29</subfield><subfield code='z'>090</subfield></datafield><datafield ind1=' ' ind2=' ' tag='979'><subfield code='a'>EBC1956677</subfield></datafield><datafield ind1=' ' ind2=' ' tag='980'><subfield code='b'>&lt;listprice100.0+0&gt;</subfield><subfield code='e'>&lt;netprice100.0+0&gt;</subfield><subfield code='f'>I</subfield><subfield code='g'>1</subfield></datafield><datafield ind1=' ' ind2=' ' tag='981'><subfield code='a'>Coutts</subfield><subfield code='b'>ctpdf</subfield><subfield code='c'>w</subfield><subfield code='d'>30977033</subfield><subfield code='e'>SLI</subfield></datafield><datafield ind1=' ' ind2=' ' tag='ADM'><subfield code='b'>2017-11-30 17:47:38</subfield><subfield code='e'>EBC1956677</subfield><subfield code='d'>COUTTS</subfield><subfield code='a'>2017-11-30 17:47:42</subfield><subfield code='c'>false</subfield></datafield><datafield ind1=' ' ind2=' ' tag='PRT'><subfield code='a'>53403380640003811</subfield><subfield code='b'>https://sandbox01-na.alma.exlibrisgroup.com/view/uresolver/01TULI_INST/openurl?u.ignore_date_coverage=true&amp;rft.mms_id=991036848311203811</subfield><subfield code='9'>Available</subfield><subfield code='c'>Ebook Central</subfield><subfield code='8'>53403380640003811</subfield></datafield></record>