
<record xmlns='http://www.loc.gov/MARC21/slim'><leader>01920nam a2200421 a 4500</leader><controlfield tag='001'>991036816269503811</controlfield><controlfield tag='005'>20170919211920.0</controlfield><controlfield tag='006'>m||||||||d||||||||</controlfield><controlfield tag='007'>cr||||||||||||</controlfield><controlfield tag='008'>131010s2009     xx    gs     000 0 eng d</controlfield><datafield ind1=' ' ind2=' ' tag='020'><subfield code='a'>1-77541-163-X</subfield></datafield><datafield ind1=' ' ind2=' ' tag='035'><subfield code='a'>(CKB)2560000000059251</subfield></datafield><datafield ind1=' ' ind2=' ' tag='035'><subfield code='a'>(StDuBDS)AH20203170</subfield></datafield><datafield ind1=' ' ind2=' ' tag='035'><subfield code='a'>(SSID)ssj0001167936</subfield></datafield><datafield ind1=' ' ind2=' ' tag='035'><subfield code='a'>(PQKBManifestationID)11795187</subfield></datafield><datafield ind1=' ' ind2=' ' tag='035'><subfield code='a'>(PQKBTitleCode)TC0001167936</subfield></datafield><datafield ind1=' ' ind2=' ' tag='035'><subfield code='a'>(PQKBWorkID)11142670</subfield></datafield><datafield ind1=' ' ind2=' ' tag='035'><subfield code='a'>(PQKB)10972438</subfield></datafield><datafield ind1=' ' ind2=' ' tag='035'><subfield code='a'>(EXLCZ)992560000000059251</subfield></datafield><datafield ind1=' ' ind2=' ' tag='040'><subfield code='a'>StDuBDS</subfield><subfield code='c'>StDuBDS</subfield><subfield code='d'>StDuBDS</subfield><subfield code='d'>UkPrAHLS</subfield></datafield><datafield ind1=' ' ind2=' ' tag='041'><subfield code='a'>eng</subfield></datafield><datafield ind1=' ' ind2='7' tag='072'><subfield code='a'>FC</subfield><subfield code='2'>bicssc</subfield></datafield><datafield ind1='1' ind2=' ' tag='100'><subfield code='a'>Austen, Jane.</subfield></datafield><datafield ind1='1' ind2='0' tag='245'><subfield code='a'>Sense and Sensibility</subfield><subfield code='h'>[electronic resource] /</subfield><subfield code='c'>by Jane Austen.</subfield></datafield><datafield ind1=' ' ind2=' ' tag='260'><subfield code='a'>S.l. :</subfield><subfield code='b'>The Floating Press,</subfield><subfield code='c'>2009.</subfield></datafield><datafield ind1=' ' ind2=' ' tag='300'><subfield code='a'>1 online resource (1 v.) </subfield></datafield><datafield ind1=' ' ind2=' ' tag='336'><subfield code='a'>text</subfield><subfield code='b'>txt</subfield></datafield><datafield ind1=' ' ind2=' ' tag='337'><subfield code='a'>computer</subfield><subfield code='b'>c</subfield></datafield><datafield ind1=' ' ind2=' ' tag='338'><subfield code='a'>online resource</subfield><subfield code='b'>cr</subfield></datafield><datafield ind1=' ' ind2=' ' tag='366'><subfield code='b'>20090101</subfield></datafield><datafield ind1='8' ind2=' ' tag='520'><subfield code='a'>When Mr. Dashwood dies, he leaves his second wife and her three daughters at the mercy of his son and heir, John. John&apos;s wife convinces him to turn his step-mother and half-sisters out, and they move to a country cottage, rented to them by a distant relative. In their newly reduced circumstances Elinor and Marianne, the two eldest daughters, wrestle with ideas of romance and reality and their apparent opposition to each other. Elinor struggles in silent propriety, while Marianne is as violently romantic as her ideals. Life, however, teaches the girls to balance sense and sensibility in their approach to love and marriage.</subfield></datafield><datafield ind1=' ' ind2=' ' tag='533'><subfield code='a'>Electronic reproduction.</subfield><subfield code='c'>Askews and Holts.</subfield><subfield code='n'>Mode of access: World Wide Web.</subfield></datafield><datafield ind1=' ' ind2=' ' tag='500'><subfield code='a'>Bibliographic Level Mode of Issuance: Monograph</subfield></datafield><datafield ind1=' ' ind2=' ' tag='546'><subfield code='a'>English</subfield></datafield><datafield ind1=' ' ind2='7' tag='655'><subfield code='a'>Electronic books.</subfield><subfield code='2'>lcsh</subfield></datafield><datafield ind1=' ' ind2='7' tag='650'><subfield code='a'>English</subfield><subfield code='2'>HILCC</subfield></datafield><datafield ind1=' ' ind2='7' tag='650'><subfield code='a'>Languages &amp; Literatures</subfield><subfield code='2'>HILCC</subfield></datafield><datafield ind1=' ' ind2='7' tag='650'><subfield code='a'>English Literature</subfield><subfield code='2'>HILCC</subfield></datafield><datafield ind1=' ' ind2=' ' tag='906'><subfield code='a'>BOOK</subfield></datafield><datafield ind1=' ' ind2=' ' tag='ADM'><subfield code='b'>2017-12-18 17:41:37</subfield><subfield code='e'>2560000000059251</subfield><subfield code='d'>PQNKB</subfield><subfield code='f'>20160803134623.0</subfield><subfield code='a'>2012-02-25 22:36:54</subfield><subfield code='c'>false</subfield></datafield><datafield ind1=' ' ind2=' ' tag='PRT'><subfield code='a'>53405146280003811</subfield><subfield code='b'>https://sandbox01-na.alma.exlibrisgroup.com/view/uresolver/01TULI_INST/openurl?u.ignore_date_coverage=true&amp;rft.mms_id=991036816269503811</subfield><subfield code='e'>EBSCOhost</subfield><subfield code='9'>Available</subfield><subfield code='c'>eBook Public Library Collection - North America</subfield><subfield code='h'>613790000000001577</subfield><subfield code='8'>53405146280003811</subfield></datafield><datafield ind1=' ' ind2=' ' tag='PRT'><subfield code='a'>53394204400003811</subfield><subfield code='b'>https://sandbox01-na.alma.exlibrisgroup.com/view/uresolver/01TULI_INST/openurl?u.ignore_date_coverage=true&amp;rft.mms_id=991036816269503811</subfield><subfield code='e'>EBSCOhost</subfield><subfield code='9'>Available</subfield><subfield code='c'>EBSCOhost Academic eBook Collection (North America)</subfield><subfield code='h'>613640000000000029</subfield><subfield code='8'>53394204400003811</subfield></datafield></record>