
<record xmlns='http://www.loc.gov/MARC21/slim'><leader>01937nam a22003013u 4500</leader><controlfield tag='001'>991036736270503811</controlfield><controlfield tag='005'>20170816150615.0</controlfield><controlfield tag='006'>m        d        </controlfield><controlfield tag='007'>cr -n---------</controlfield><controlfield tag='008'>140804s2008|||||||     s|||||||||||eng|d</controlfield><datafield ind1=' ' ind2=' ' tag='020'><subfield code='a'>1-77556-310-3</subfield></datafield><datafield ind1=' ' ind2=' ' tag='035'><subfield code='a'>(CKB)3710000000076799</subfield></datafield><datafield ind1=' ' ind2=' ' tag='035'><subfield code='a'>(EBL)340590</subfield></datafield><datafield ind1=' ' ind2=' ' tag='035'><subfield code='a'>(OCoLC)630530098</subfield></datafield><datafield ind1=' ' ind2=' ' tag='035'><subfield code='a'>(EXLCZ)993710000000076799</subfield></datafield><datafield ind1=' ' ind2=' ' tag='040'><subfield code='a'>AU-PeEL</subfield><subfield code='b'>eng</subfield><subfield code='c'>AU-PeEL</subfield><subfield code='d'>AU-PeEL</subfield></datafield><datafield ind1=' ' ind2='4' tag='050'><subfield code='a'>PR4034.S4</subfield></datafield><datafield ind1='0' ind2='0' tag='082'><subfield code='a'>823/.7</subfield></datafield><datafield ind1='1' ind2=' ' tag='100'><subfield code='a'>Austen, Jane.</subfield></datafield><datafield ind1='1' ind2='0' tag='245'><subfield code='a'>Sense and Sensibility</subfield><subfield code='h'>[electronic resource].</subfield></datafield><datafield ind1=' ' ind2=' ' tag='260'><subfield code='a'>Waiheke Island :</subfield><subfield code='b'>The Floating Press,</subfield><subfield code='c'>2008.</subfield></datafield><datafield ind1=' ' ind2=' ' tag='300'><subfield code='a'>1 online resource (594 p.)</subfield></datafield><datafield ind1=' ' ind2=' ' tag='500'><subfield code='a'>Description based upon print version of record.</subfield></datafield><datafield ind1='0' ind2=' ' tag='505'><subfield code='a'>Title; Contents; Chapter 1; Chapter 2; Chapter 3; Chapter 4; Chapter 5; Chapter 6; Chapter 7; Chapter 8; Chapter 9; Chapter 10; Chapter 11; Chapter 12; Chapter 13; Chapter 14; Chapter 15; Chapter 16; Chapter 17; Chapter 18; Chapter 19; Chapter 20; Chapter 21; Chapter 22; Chapter 23; Chapter 24; Chapter 25; Chapter 26; Chapter 27; Chapter 28; Chapter 29; Chapter 30; Chapter 31; Chapter 32; Chapter 33; Chapter 34; Chapter 35; Chapter 36; Chapter 37; Chapter 38; Chapter 39; Chapter 40; Chapter 41; Chapter 42; Chapter 43; Chapter 44; Chapter 45; Chapter 46; Chapter 47; Chapter 48; Chapter 49</subfield></datafield><datafield ind1='8' ind2=' ' tag='505'><subfield code='a'>Chapter 50</subfield></datafield><datafield ind1=' ' ind2=' ' tag='520'><subfield code='a'>When Mr. Dashwood dies, he leaves his second wife and her three daughters at the mercy of his son and heir, John. John&apos;s wife convinces him to turn his step-mother and half-sisters out, and they move to a country cottage, rented to them by a distant relative. In their newly reduced circumstances Elinor and Marianne, the two eldest daughters, wrestle with ideas of romance and reality and their apparent opposition to each other. Elinor struggles in silent propriety...</subfield></datafield><datafield ind1=' ' ind2='4' tag='650'><subfield code='a'>England-- Social life and customs-- 19th century--Fiction.</subfield></datafield><datafield ind1=' ' ind2='0' tag='655'><subfield code='a'>Electronic books.</subfield></datafield><datafield ind1=' ' ind2=' ' tag='906'><subfield code='a'>BOOK</subfield></datafield><datafield ind1=' ' ind2=' ' tag='ADM'><subfield code='b'>2018-04-26 15:46:01</subfield><subfield code='e'>993710000000076799</subfield><subfield code='d'>NON_SFX</subfield><subfield code='a'>2013-12-28 20:47:20</subfield><subfield code='c'>false</subfield></datafield><datafield ind1=' ' ind2=' ' tag='PRT'><subfield code='a'>53423982580003811</subfield><subfield code='b'>https://sandbox01-na.alma.exlibrisgroup.com/view/uresolver/01TULI_INST/openurl?u.ignore_date_coverage=true&amp;rft.mms_id=991036736270503811</subfield><subfield code='e'>Ebook Central</subfield><subfield code='9'>Available</subfield><subfield code='c'>Ebook Central College Complete</subfield><subfield code='h'>614330000000000032</subfield><subfield code='8'>53423982580003811</subfield></datafield></record>