
<record xmlns='http://www.loc.gov/MARC21/slim'><leader>01953cam a2200541 i 4500</leader><controlfield tag='005'>20180315120445.0</controlfield><controlfield tag='008'>130524s2013    mauab    b    000 0 eng  </controlfield><controlfield tag='001'>991000673839703811</controlfield><datafield ind1=' ' ind2=' ' tag='010'><subfield code='a'>2013017843</subfield></datafield><datafield ind1=' ' ind2=' ' tag='020'><subfield code='a'>9780674724556 (alk. paper)</subfield></datafield><datafield ind1=' ' ind2=' ' tag='020'><subfield code='a'>0674724550 (alk. paper)</subfield></datafield><datafield ind1=' ' ind2=' ' tag='035'><subfield code='a'>(PPT)b55352315-01tuli_inst</subfield></datafield><datafield ind1=' ' ind2=' ' tag='035'><subfield code='a'>(OCoLC)ocn867826803</subfield><subfield code='9'>ExL</subfield></datafield><datafield ind1=' ' ind2=' ' tag='035'><subfield code='a'>(OCoLC)840460708</subfield></datafield><datafield ind1=' ' ind2=' ' tag='035'><subfield code='a'>ocn840460708</subfield></datafield><datafield ind1=' ' ind2=' ' tag='035'><subfield code='a'>(OCLC)ocn840460708</subfield></datafield><datafield ind1=' ' ind2=' ' tag='040'><subfield code='a'>DLC</subfield><subfield code='b'>eng</subfield><subfield code='e'>rda</subfield><subfield code='c'>DLC</subfield><subfield code='d'>YDX</subfield><subfield code='d'>BTCTA</subfield><subfield code='d'>OCLCO</subfield><subfield code='d'>BDX</subfield><subfield code='d'>YDXCP</subfield><subfield code='d'>UMR</subfield><subfield code='d'>COO</subfield><subfield code='d'>ZCU</subfield><subfield code='d'>CHVBK</subfield><subfield code='d'>CDX</subfield></datafield><datafield ind1=' ' ind2=' ' tag='042'><subfield code='a'>pcc</subfield></datafield><datafield ind1=' ' ind2=' ' tag='043'><subfield code='a'>e-uk-en</subfield></datafield><datafield ind1=' ' ind2=' ' tag='079'><subfield code='a'>ocn840460708</subfield></datafield><datafield ind1=' ' ind2=' ' tag='090'><subfield code='a'>PR4034</subfield><subfield code='b'>.S4 2013</subfield></datafield><datafield ind1='1' ind2=' ' tag='100'><subfield code='a'>Austen, Jane,</subfield><subfield code='d'>1775-1817.</subfield></datafield><datafield ind1='1' ind2='0' tag='245'><subfield code='a'>Sense and sensibility :</subfield><subfield code='b'>an annotated edition /</subfield><subfield code='c'>edited by Patricia Meyer Spacks.</subfield></datafield><datafield ind1=' ' ind2='1' tag='264'><subfield code='a'>Cambridge, Massachusetts :</subfield><subfield code='b'>The Belknap Press of Harvard University Press,</subfield><subfield code='c'>2013.</subfield></datafield><datafield ind1=' ' ind2=' ' tag='300'><subfield code='a'>431 pages :</subfield><subfield code='b'>illustrations, map ;</subfield><subfield code='c'>25 cm.</subfield></datafield><datafield ind1=' ' ind2=' ' tag='336'><subfield code='a'>text</subfield><subfield code='2'>rdacontent</subfield></datafield><datafield ind1=' ' ind2=' ' tag='337'><subfield code='a'>unmediated</subfield><subfield code='2'>rdamedia</subfield></datafield><datafield ind1=' ' ind2=' ' tag='338'><subfield code='a'>volume</subfield><subfield code='2'>rdacarrier</subfield></datafield><datafield ind1=' ' ind2=' ' tag='504'><subfield code='a'>Includes bibliographical references.</subfield></datafield><datafield ind1='0' ind2=' ' tag='505'><subfield code='a'>Volume I. : Chapters 1-22 -- Volume II. : Chapters 1-14 -- Volume III : Chapters 1-14.</subfield></datafield><datafield ind1='1' ind2='0' tag='600'><subfield code='a'>Austen, Jane,</subfield><subfield code='d'>1775-1817.</subfield><subfield code='t'>Sense and sensibility.</subfield></datafield><datafield ind1=' ' ind2='0' tag='650'><subfield code='a'>Young women</subfield><subfield code='z'>England</subfield><subfield code='v'>Fiction.</subfield></datafield><datafield ind1=' ' ind2='0' tag='650'><subfield code='a'>Sisters</subfield><subfield code='z'>England</subfield><subfield code='v'>Fiction.</subfield></datafield><datafield ind1=' ' ind2='0' tag='650'><subfield code='a'>Gentry</subfield><subfield code='z'>England</subfield><subfield code='v'>Fiction.</subfield></datafield><datafield ind1=' ' ind2='0' tag='650'><subfield code='a'>Inheritance and succession</subfield><subfield code='v'>Fiction.</subfield></datafield><datafield ind1=' ' ind2='0' tag='650'><subfield code='a'>Mate selection</subfield><subfield code='v'>Fiction.</subfield></datafield><datafield ind1=' ' ind2='0' tag='650'><subfield code='a'>Man-woman relationships</subfield><subfield code='v'>Fiction.</subfield></datafield><datafield ind1=' ' ind2='0' tag='651'><subfield code='a'>England</subfield><subfield code='x'>Social life and customs</subfield><subfield code='y'>19th century</subfield><subfield code='v'>Fiction.</subfield></datafield><datafield ind1=' ' ind2='0' tag='655'><subfield code='a'>Domestic fiction.</subfield></datafield><datafield ind1=' ' ind2='7' tag='655'><subfield code='a'>Regency fiction.</subfield><subfield code='2'>gsafd</subfield></datafield><datafield ind1=' ' ind2='7' tag='655'><subfield code='a'>Love stories.</subfield><subfield code='2'>gsafd</subfield></datafield><datafield ind1='1' ind2=' ' tag='700'><subfield code='a'>Spacks, Patricia Meyer,</subfield><subfield code='e'>editor.</subfield></datafield><datafield ind1=' ' ind2=' ' tag='907'><subfield code='a'>.b55352315</subfield><subfield code='b'>multi</subfield><subfield code='c'>-</subfield></datafield><datafield ind1=' ' ind2=' ' tag='945'><subfield code='l'>astk </subfield><subfield code='g'>1</subfield></datafield><datafield ind1=' ' ind2=' ' tag='945'><subfield code='l'>pstk </subfield><subfield code='g'>1</subfield></datafield><datafield ind1=' ' ind2=' ' tag='979'><subfield code='a'>ocn840460708</subfield></datafield><datafield ind1=' ' ind2=' ' tag='998'><subfield code='b'>4</subfield><subfield code='c'>131218</subfield><subfield code='d'>m</subfield><subfield code='e'>a</subfield><subfield code='f'>-</subfield><subfield code='g'>0</subfield></datafield><datafield ind1=' ' ind2=' ' tag='998'><subfield code='b'>1</subfield><subfield code='c'>131218</subfield><subfield code='d'>m</subfield><subfield code='e'>a</subfield><subfield code='f'>-</subfield><subfield code='g'>0</subfield></datafield><datafield ind1=' ' ind2=' ' tag='ADM'><subfield code='b'>2018-06-18 14:48:10</subfield><subfield code='e'>b55352315-01tuli_inst</subfield><subfield code='d'>ILS</subfield><subfield code='a'>2017-06-20 05:55:43</subfield><subfield code='c'>false</subfield></datafield><datafield ind1='0' ind2=' ' tag='HLD'><subfield code='b'>MAIN</subfield><subfield code='c'>stacks</subfield><subfield code='h'>PR4034</subfield><subfield code='i'>.S4 2013</subfield><subfield code='8'>22237879980003811</subfield></datafield><datafield ind1='0' ind2=' ' tag='HLD'><subfield code='b'>AMBLER</subfield><subfield code='c'>stacks</subfield><subfield code='h'>PR4034</subfield><subfield code='i'>.S4 2013</subfield><subfield code='8'>22237879760003811</subfield></datafield><datafield ind1=' ' ind2=' ' tag='ITM'><subfield code='r'>22237879760003811</subfield><subfield code='b'>1</subfield><subfield code='h'>0</subfield><subfield code='g'>stacks</subfield><subfield code='t'>BOOK</subfield><subfield code='9'>39074028731537</subfield><subfield code='e'>stacks</subfield><subfield code='8'>23237879750003811</subfield><subfield code='a'>0</subfield><subfield code='q'>2017-06-20 05:55:43</subfield><subfield code='i'>PR4034 .S4 2013</subfield><subfield code='d'>AMBLER</subfield><subfield code='f'>AMBLER</subfield></datafield><datafield ind1=' ' ind2=' ' tag='ITM'><subfield code='r'>22237879980003811</subfield><subfield code='b'>1</subfield><subfield code='h'>0</subfield><subfield code='g'>stacks</subfield><subfield code='t'>BOOK</subfield><subfield code='9'>39074026070276</subfield><subfield code='e'>stacks</subfield><subfield code='8'>23237879770003811</subfield><subfield code='a'>0</subfield><subfield code='q'>2017-06-20 05:55:43</subfield><subfield code='i'>PR4034 .S4 2013</subfield><subfield code='d'>MAIN</subfield><subfield code='f'>MAIN</subfield></datafield></record>