
<record xmlns='http://www.loc.gov/MARC21/slim'><leader>02003cam a2200541 a 4500</leader><controlfield tag='005'>20170825212630.0</controlfield><controlfield tag='008'>110124s2011    nyuab    b    000 1 eng  </controlfield><controlfield tag='001'>991023067499703811</controlfield><datafield ind1=' ' ind2=' ' tag='010'><subfield code='a'>2011002249</subfield></datafield><datafield ind1=' ' ind2=' ' tag='020'><subfield code='a'>9780307390769 (pbk.)</subfield></datafield><datafield ind1=' ' ind2=' ' tag='020'><subfield code='a'>0307390764 (pbk.)</subfield></datafield><datafield ind1=' ' ind2=' ' tag='035'><subfield code='a'>(PPT)b50404210-01tuli_inst</subfield></datafield><datafield ind1=' ' ind2=' ' tag='035'><subfield code='a'>(OCoLC)ocn773794246</subfield><subfield code='9'>ExL</subfield></datafield><datafield ind1=' ' ind2=' ' tag='035'><subfield code='a'>(OCoLC)648922452</subfield></datafield><datafield ind1=' ' ind2=' ' tag='035'><subfield code='a'>ocn648922452</subfield></datafield><datafield ind1=' ' ind2=' ' tag='035'><subfield code='a'>(OCLC)ocn648922452</subfield></datafield><datafield ind1=' ' ind2=' ' tag='040'><subfield code='a'>DLC</subfield><subfield code='b'>eng</subfield><subfield code='c'>DLC</subfield><subfield code='d'>IG#</subfield><subfield code='d'>BTCTA</subfield><subfield code='d'>YDXCP</subfield><subfield code='d'>IK2</subfield><subfield code='d'>UPZ</subfield><subfield code='d'>BWX</subfield><subfield code='d'>CDX</subfield><subfield code='d'>UKMGB</subfield></datafield><datafield ind1=' ' ind2=' ' tag='042'><subfield code='a'>pcc</subfield></datafield><datafield ind1=' ' ind2=' ' tag='043'><subfield code='a'>e-uk-en</subfield></datafield><datafield ind1=' ' ind2=' ' tag='049'><subfield code='a'>IG$A</subfield></datafield><datafield ind1=' ' ind2=' ' tag='079'><subfield code='a'>ocn648922452</subfield></datafield><datafield ind1=' ' ind2=' ' tag='090'><subfield code='a'>PR4034</subfield><subfield code='b'>.S4 2011b</subfield></datafield><datafield ind1='1' ind2=' ' tag='100'><subfield code='a'>Austen, Jane,</subfield><subfield code='d'>1775-1817.</subfield></datafield><datafield ind1='0' ind2='0' tag='240'><subfield code='a'>Sense and sensibility</subfield></datafield><datafield ind1='1' ind2='4' tag='245'><subfield code='a'>The annotated Sense and sensibility /</subfield><subfield code='c'>Jane Austen ; annotated and edited, with an introduction, by David M. Shapard.</subfield></datafield><datafield ind1=' ' ind2=' ' tag='250'><subfield code='a'>1st ed.</subfield></datafield><datafield ind1=' ' ind2=' ' tag='260'><subfield code='a'>New York :</subfield><subfield code='b'>Anchor Books,</subfield><subfield code='c'>2011.</subfield></datafield><datafield ind1=' ' ind2=' ' tag='300'><subfield code='a'>xxxv, 742 p. :</subfield><subfield code='b'>ill., maps ;</subfield><subfield code='c'>21 cm.</subfield></datafield><datafield ind1=' ' ind2=' ' tag='504'><subfield code='a'>Includes bibliographical references (p. 719-735)</subfield></datafield><datafield ind1=' ' ind2=' ' tag='520'><subfield code='a'>This volume is an annotated edition of Jane Austen&apos;s &quot;Sense and Sensibility,&quot; complete with more than 2,000 annotations that include definitions and clarifications, multiple maps, historical context, and more.</subfield></datafield><datafield ind1='1' ind2='0' tag='600'><subfield code='a'>Austen, Jane,</subfield><subfield code='d'>1775-1817.</subfield><subfield code='t'>Sense and sensibility.</subfield></datafield><datafield ind1=' ' ind2='0' tag='650'><subfield code='a'>Young women</subfield><subfield code='z'>England</subfield><subfield code='v'>Fiction.</subfield></datafield><datafield ind1=' ' ind2='0' tag='650'><subfield code='a'>Sisters</subfield><subfield code='z'>England</subfield><subfield code='v'>Fiction.</subfield></datafield><datafield ind1=' ' ind2='0' tag='650'><subfield code='a'>Gentry</subfield><subfield code='z'>England</subfield><subfield code='v'>Fiction.</subfield></datafield><datafield ind1=' ' ind2='0' tag='650'><subfield code='a'>Inheritance and succession</subfield><subfield code='v'>Fiction.</subfield></datafield><datafield ind1=' ' ind2='0' tag='650'><subfield code='a'>Mate selection</subfield><subfield code='v'>Fiction.</subfield></datafield><datafield ind1=' ' ind2='0' tag='650'><subfield code='a'>Man-woman relationships</subfield><subfield code='v'>Fiction.</subfield></datafield><datafield ind1=' ' ind2='0' tag='651'><subfield code='a'>England</subfield><subfield code='x'>Social life and customs</subfield><subfield code='y'>19th century</subfield><subfield code='v'>Fiction.</subfield></datafield><datafield ind1=' ' ind2='0' tag='655'><subfield code='a'>Domestic fiction.</subfield></datafield><datafield ind1=' ' ind2='7' tag='655'><subfield code='a'>Regency fiction.</subfield><subfield code='2'>gsafd</subfield></datafield><datafield ind1=' ' ind2='7' tag='655'><subfield code='a'>Love stories.</subfield><subfield code='2'>gsafd</subfield></datafield><datafield ind1='1' ind2=' ' tag='700'><subfield code='a'>Shapard, David M.</subfield></datafield><datafield ind1=' ' ind2=' ' tag='902'><subfield code='a'>160630</subfield></datafield><datafield ind1=' ' ind2=' ' tag='907'><subfield code='a'>.b50404210</subfield><subfield code='b'>p    </subfield><subfield code='c'>-</subfield></datafield><datafield ind1=' ' ind2=' ' tag='945'><subfield code='l'>pstk </subfield><subfield code='g'>1</subfield></datafield><datafield ind1=' ' ind2=' ' tag='979'><subfield code='a'>ocn648922452</subfield></datafield><datafield ind1=' ' ind2=' ' tag='998'><subfield code='b'>1</subfield><subfield code='c'>120113</subfield><subfield code='d'>m</subfield><subfield code='e'>a</subfield><subfield code='f'>-</subfield><subfield code='g'>4</subfield></datafield><datafield ind1=' ' ind2=' ' tag='998'><subfield code='b'>1</subfield><subfield code='c'>120113</subfield><subfield code='d'>m</subfield><subfield code='e'>a</subfield><subfield code='f'>-</subfield><subfield code='g'>4</subfield></datafield><datafield ind1=' ' ind2=' ' tag='ADM'><subfield code='b'>2018-06-19 19:28:38</subfield><subfield code='e'>b50404210-01tuli_inst</subfield><subfield code='d'>ILS</subfield><subfield code='a'>2017-06-20 12:44:03</subfield><subfield code='c'>false</subfield></datafield><datafield ind1='0' ind2=' ' tag='HLD'><subfield code='b'>MAIN</subfield><subfield code='c'>stacks</subfield><subfield code='h'>PR4034</subfield><subfield code='i'>.S4 2011b</subfield><subfield code='8'>22320245470003811</subfield></datafield><datafield ind1=' ' ind2=' ' tag='ITM'><subfield code='r'>22320245470003811</subfield><subfield code='b'>1</subfield><subfield code='h'>0</subfield><subfield code='g'>stacks</subfield><subfield code='t'>BOOK</subfield><subfield code='9'>39074026193730</subfield><subfield code='e'>stacks</subfield><subfield code='8'>23320245460003811</subfield><subfield code='a'>0</subfield><subfield code='q'>2017-06-20 12:44:03</subfield><subfield code='i'>PR4034 .S4 2011b</subfield><subfield code='d'>MAIN</subfield><subfield code='f'>MAIN</subfield></datafield></record>