
<record xmlns='http://www.loc.gov/MARC21/slim'><leader>02017cam a2200397Ma 4500</leader><controlfield tag='005'>20180315214656.0</controlfield><controlfield tag='006'>m    |   d |      </controlfield><controlfield tag='007'>cr |n||||||||n</controlfield><controlfield tag='008'>020607s1828    fr a    o     000 1 fre d</controlfield><controlfield tag='001'>991033828969703811</controlfield><datafield ind1=' ' ind2=' ' tag='035'><subfield code='a'>(PPT)b54144012-01tuli_inst</subfield></datafield><datafield ind1=' ' ind2=' ' tag='035'><subfield code='a'>(MiFhGG)NCCO013706</subfield><subfield code='9'>ExL</subfield></datafield><datafield ind1=' ' ind2=' ' tag='035'><subfield code='a'>(OCoLC)830990542</subfield></datafield><datafield ind1=' ' ind2=' ' tag='040'><subfield code='a'>MIGCL</subfield><subfield code='c'>UtOrBLW</subfield></datafield><datafield ind1='1' ind2=' ' tag='041'><subfield code='a'>fre</subfield><subfield code='h'>eng</subfield></datafield><datafield ind1='1' ind2=' ' tag='100'><subfield code='a'>Austen, Jane,</subfield><subfield code='d'>1775-1817.</subfield></datafield><datafield ind1='1' ind2='0' tag='240'><subfield code='a'>Sense and sensibility.</subfield><subfield code='l'>French</subfield></datafield><datafield ind1='1' ind2='0' tag='245'><subfield code='a'>Raison et sensibilité, ou, Les deux manières d&apos;aimer</subfield><subfield code='h'>[electronic resource] /</subfield><subfield code='c'>[Jane Austen] ; traduit librement de l&apos;anglais par Mme. la baronne Isabelle de Montolieu.</subfield></datafield><datafield ind1='3' ind2='0' tag='246'><subfield code='a'>Deux manières d&apos;aimer</subfield></datafield><datafield ind1=' ' ind2=' ' tag='260'><subfield code='a'>Paris :</subfield><subfield code='b'>A. Bertrand, Libr.,</subfield><subfield code='c'>1828.</subfield></datafield><datafield ind1=' ' ind2=' ' tag='300'><subfield code='a'>1 online resource (3 v.) :</subfield><subfield code='b'>ill.</subfield></datafield><datafield ind1='0' ind2=' ' tag='490'><subfield code='a'>Œuvres de Mme. la baronne Isabelle de Montolieu ;</subfield><subfield code='v'>t. 39-41</subfield></datafield><datafield ind1='1' ind2=' ' tag='490'><subfield code='a'>Nineteenth Century Collections Online: European Literature, 1790-1840: The Corvey Collection</subfield></datafield><datafield ind1=' ' ind2=' ' tag='500'><subfield code='a'>&quot;Orné de figures.&quot;</subfield></datafield><datafield ind1=' ' ind2=' ' tag='500'><subfield code='a'>Attributed to Jane Austen.</subfield></datafield><datafield ind1=' ' ind2=' ' tag='500'><subfield code='a'>Work of fiction.</subfield></datafield><datafield ind1=' ' ind2=' ' tag='546'><subfield code='a'>Translation from English.</subfield></datafield><datafield ind1=' ' ind2=' ' tag='590'><subfield code='a'>Access is available to the Temple Community through use of a networked computer with a Temple IP address.</subfield></datafield><datafield ind1=' ' ind2='0' tag='655'><subfield code='a'>Electronic books.</subfield></datafield><datafield ind1='1' ind2=' ' tag='700'><subfield code='a'>Montolieu, Isabelle de,</subfield><subfield code='d'>1751-1832.</subfield></datafield><datafield ind1=' ' ind2='0' tag='830'><subfield code='a'>Nineteenth Century Collections Online: European Literature, 1790-1840: The Corvey Collection.</subfield></datafield><datafield ind1='4' ind2='0' tag='856'><subfield code='z'>Access full text:</subfield><subfield code='3'>Gale Cengage Learning, Nineteenth Century Collections Online</subfield><subfield code='u'>http://libproxy.temple.edu/login?url=http://ncco.galegroup.com/gdc/ncco/MonographsDetailsPage/MonographsDetailsWindow?disableHighlighting=false&amp;prodId=NCCO&amp;action=1&amp;activityType=BasicSearch&amp;javax.portlet.action=viewPortletAction&amp;documentId=GALE%7CFMDBDT603084062&amp;dviSelectedPage=1&amp;userGroupName=temple_main</subfield></datafield><datafield ind1=' ' ind2=' ' tag='902'><subfield code='a'>Nineteenth Century Collection Online 2013-04-17</subfield></datafield><datafield ind1=' ' ind2=' ' tag='907'><subfield code='a'>.b54144012</subfield><subfield code='b'>w    </subfield><subfield code='c'>-</subfield></datafield><datafield ind1=' ' ind2=' ' tag='945'><subfield code='l'>w    </subfield><subfield code='g'>1</subfield></datafield><datafield ind1=' ' ind2=' ' tag='998'><subfield code='b'>0</subfield><subfield code='c'>130420</subfield><subfield code='d'>m</subfield><subfield code='e'>@</subfield><subfield code='f'>-</subfield><subfield code='g'>0</subfield></datafield><datafield ind1=' ' ind2=' ' tag='ADM'><subfield code='b'>2018-03-16 01:46:56</subfield><subfield code='e'>b54144012-01tuli_inst</subfield><subfield code='d'>ILS</subfield><subfield code='a'>2017-06-20 07:25:43</subfield><subfield code='c'>false</subfield></datafield><datafield ind1=' ' ind2=' ' tag='PRT'><subfield code='a'>53379069250003811</subfield><subfield code='b'>https://sandbox01-na.alma.exlibrisgroup.com/view/uresolver/01TULI_INST/openurl?u.ignore_date_coverage=true&amp;rft.mms_id=991033828969703811</subfield><subfield code='f'>Access full text:</subfield><subfield code='9'>Available</subfield><subfield code='d'>MAIN</subfield><subfield code='c'>Nineteenth Century Collections Online</subfield><subfield code='8'>53379069250003811</subfield></datafield></record>