
<record xmlns='http://www.loc.gov/MARC21/slim'><leader>02049cam a2200373La 4500</leader><controlfield tag='005'>20180315145901.0</controlfield><controlfield tag='006'>m        u        </controlfield><controlfield tag='007'>cr cn-</controlfield><controlfield tag='008'>010511s199u    ncu     s     000 0 eng d</controlfield><controlfield tag='001'>991023533279703811</controlfield><datafield ind1=' ' ind2=' ' tag='020'><subfield code='a'>0585050554 (electronic bk.)</subfield></datafield><datafield ind1=' ' ind2=' ' tag='035'><subfield code='a'>(PPT)b32525369-01tuli_inst</subfield></datafield><datafield ind1=' ' ind2=' ' tag='035'><subfield code='a'>(OCoLC)ocm49294121 </subfield><subfield code='9'>ExL</subfield></datafield><datafield ind1=' ' ind2=' ' tag='040'><subfield code='a'>N$T</subfield><subfield code='c'>N$T</subfield><subfield code='d'>OCLCQ</subfield></datafield><datafield ind1=' ' ind2=' ' tag='049'><subfield code='a'>GCLA</subfield></datafield><datafield ind1=' ' ind2=' ' tag='090'><subfield code='a'>PA3903</subfield><subfield code='b'>.S48</subfield></datafield><datafield ind1='0' ind2=' ' tag='100'><subfield code='a'>Aristotle.</subfield></datafield><datafield ind1='1' ind2='0' tag='245'><subfield code='a'>On sense and the sensible</subfield><subfield code='h'>[electronic resource] /</subfield><subfield code='c'>by Aristotle.</subfield></datafield><datafield ind1=' ' ind2=' ' tag='260'><subfield code='a'>Raleigh, N.C. :</subfield><subfield code='b'>Alex Catalogue ;</subfield><subfield code='a'>Boulder, Colo. :</subfield><subfield code='b'>NetLibrary,</subfield><subfield code='c'>[199-?]</subfield></datafield><datafield ind1=' ' ind2=' ' tag='506'><subfield code='a'>Access may be limited to NetLibrary affiliated libraries.</subfield></datafield><datafield ind1=' ' ind2=' ' tag='536'><subfield code='a'>This netLibrary electronic book is provided through the Access Pennsylvania Database project, a statewide library union catalog funded by the Pennsylvania Legislature and administered by the Pennsylvania Department of Education, Office of Commonwealth Libraries, Bureau of Library Development.</subfield></datafield><datafield ind1=' ' ind2=' ' tag='538'><subfield code='a'>Mode of access: World Wide Web.</subfield></datafield><datafield ind1=' ' ind2=' ' tag='590'><subfield code='a'>Access is available to the Temple Community through use of a networked computer with a Temple IP address.</subfield></datafield><datafield ind1=' ' ind2=' ' tag='533'><subfield code='a'>Electronic reproduction.</subfield><subfield code='b'>Boulder, Colo. :</subfield><subfield code='c'>NetLibrary,</subfield><subfield code='d'>2006.</subfield><subfield code='n'>Available via the World Wide Web.</subfield><subfield code='n'>Available in multiple electronic file formats.</subfield><subfield code='n'>Access may be limited to NetLibrary affiliated libraries.</subfield></datafield><datafield ind1=' ' ind2='0' tag='650'><subfield code='a'>Philosophy</subfield><subfield code='v'>Early works to 1800.</subfield></datafield><datafield ind1=' ' ind2='7' tag='655'><subfield code='a'>Classical literature.</subfield><subfield code='2'>lcsh</subfield></datafield><datafield ind1=' ' ind2='0' tag='655'><subfield code='a'>Electronic books.</subfield></datafield><datafield ind1='2' ind2=' ' tag='710'><subfield code='a'>EBSCO Publishing (Firm)</subfield></datafield><datafield ind1='0' ind2=' ' tag='730'><subfield code='a'>EBSCOhost eBook collection.</subfield></datafield><datafield ind1='4' ind2=' ' tag='856'><subfield code='3'>Bibliographic record display</subfield><subfield code='u'>http://libproxy.temple.edu/login?url=http://www.netLibrary.com/urlapi.asp?action=summary&amp;v=&amp;bookid=1085832</subfield><subfield code='z'>Click here to access this electronic book provided through the Access Pennsylvania Database project.</subfield></datafield><datafield ind1=' ' ind2=' ' tag='902'><subfield code='a'>Authority information changed to reflect Ebsco&apos;s purchase of NetLibrary in 2011; mrtl 2/16/15</subfield></datafield><datafield ind1=' ' ind2=' ' tag='907'><subfield code='a'>.b32525369</subfield><subfield code='b'>w    </subfield><subfield code='c'>-</subfield></datafield><datafield ind1=' ' ind2=' ' tag='945'><subfield code='l'>w    </subfield><subfield code='g'>1</subfield></datafield><datafield ind1=' ' ind2=' ' tag='998'><subfield code='b'>1</subfield><subfield code='c'>070203</subfield><subfield code='d'>m</subfield><subfield code='e'>@</subfield><subfield code='f'>-</subfield><subfield code='g'>0</subfield></datafield><datafield ind1=' ' ind2=' ' tag='ADM'><subfield code='b'>2018-03-15 18:59:01</subfield><subfield code='e'>b32525369-01tuli_inst</subfield><subfield code='d'>ILS</subfield><subfield code='a'>2017-06-20 08:00:35</subfield><subfield code='c'>false</subfield></datafield><datafield ind1=' ' ind2=' ' tag='PRT'><subfield code='a'>53371399690003811</subfield><subfield code='b'>https://sandbox01-na.alma.exlibrisgroup.com/view/uresolver/01TULI_INST/openurl?u.ignore_date_coverage=true&amp;rft.mms_id=991023533279703811</subfield><subfield code='f'>Click here to access this electronic book provided through the Access Pennsylvania Database project.</subfield><subfield code='9'>Available</subfield><subfield code='d'>MAIN</subfield><subfield code='c'>NetLibrary</subfield><subfield code='8'>53371399690003811</subfield></datafield></record>