
<record xmlns='http://www.loc.gov/MARC21/slim'><leader>02177cam a2200397 a 4500</leader><controlfield tag='005'>20170825211303.0</controlfield><controlfield tag='008'>090827s2010    enk      b    001 0 eng  </controlfield><controlfield tag='001'>991006309419703811</controlfield><datafield ind1=' ' ind2=' ' tag='020'><subfield code='a'>9781845401733 (hbk.)</subfield></datafield><datafield ind1=' ' ind2=' ' tag='020'><subfield code='a'>1845401735 (hbk.)</subfield></datafield><datafield ind1=' ' ind2=' ' tag='020'><subfield code='a'>9781845400767 (pbk.)</subfield></datafield><datafield ind1=' ' ind2=' ' tag='020'><subfield code='a'>1845400763 (pbk.)</subfield></datafield><datafield ind1=' ' ind2=' ' tag='035'><subfield code='a'>(PPT)b44847981-01tuli_inst</subfield></datafield><datafield ind1=' ' ind2=' ' tag='035'><subfield code='a'>(OCoLC)ocn701468589</subfield><subfield code='9'>ExL</subfield></datafield><datafield ind1=' ' ind2=' ' tag='035'><subfield code='a'>(OCoLC)458734114</subfield><subfield code='z'>(OCoLC)166368221</subfield></datafield><datafield ind1=' ' ind2=' ' tag='035'><subfield code='a'>ocn458734114</subfield></datafield><datafield ind1=' ' ind2=' ' tag='035'><subfield code='a'>(OCLC)ocn458734114</subfield></datafield><datafield ind1=' ' ind2=' ' tag='040'><subfield code='a'>UKM</subfield><subfield code='c'>UKM</subfield><subfield code='d'>BWKUK</subfield><subfield code='d'>BWK</subfield><subfield code='d'>CDX</subfield><subfield code='d'>YDXCP</subfield><subfield code='d'>BTCTA</subfield><subfield code='d'>BAKER</subfield><subfield code='d'>GEBAY</subfield><subfield code='d'>UWO</subfield></datafield><datafield ind1=' ' ind2=' ' tag='042'><subfield code='a'>ukblcatcopy</subfield></datafield><datafield ind1=' ' ind2=' ' tag='079'><subfield code='a'>ocn458734114</subfield></datafield><datafield ind1=' ' ind2=' ' tag='090'><subfield code='a'>BH39</subfield><subfield code='b'>.B47 2010</subfield></datafield><datafield ind1='1' ind2=' ' tag='100'><subfield code='a'>Berleant, Arnold,</subfield><subfield code='d'>1932-</subfield></datafield><datafield ind1='1' ind2='0' tag='245'><subfield code='a'>Sensibility and sense :</subfield><subfield code='b'>the aesthetic transformation of the human world /</subfield><subfield code='c'>Arnold Berleant.</subfield></datafield><datafield ind1=' ' ind2=' ' tag='260'><subfield code='a'>Exeter :</subfield><subfield code='b'>Imprint Academic,</subfield><subfield code='c'>c2010.</subfield></datafield><datafield ind1=' ' ind2=' ' tag='300'><subfield code='a'>232 p. ;</subfield><subfield code='c'>22 cm.</subfield></datafield><datafield ind1='0' ind2=' ' tag='490'><subfield code='a'>St Andrews studies in philosophy and public affairs ;</subfield><subfield code='v'>v. 6</subfield></datafield><datafield ind1=' ' ind2=' ' tag='504'><subfield code='a'>Includes bibliographical references and index.</subfield></datafield><datafield ind1='1' ind2=' ' tag='520'><subfield code='a'>&quot;Aesthetic sensibility rests on perceptual experience and characterizes not only our experience of the arts but our experience of the world. Sensibility and Sense offers a philosophically comprehensive account of humans&apos; social and cultural embeddedness encountered, recognized, and fulfilled as an aesthetic mode of experience. Extending the range of aesthetic experience from the stone of the earths surface to the celestial sphere, the book focuses on the aesthetic as a dimension of social experience. The guiding idea of pervasive interconnectedness, both social and environmental, leads to an aesthetic critique of the urban environment, the environment of daily life, and of terrorism, and has profound implications for grounding social and political values. The aesthetic emerges as a powerful critical tool for appraising urban culture and political practice.&quot;--BOOK JACKET.</subfield></datafield><datafield ind1=' ' ind2='0' tag='650'><subfield code='a'>Aesthetics.</subfield></datafield><datafield ind1=' ' ind2='0' tag='650'><subfield code='a'>Aesthetics</subfield><subfield code='x'>Social aspects.</subfield></datafield><datafield ind1=' ' ind2=' ' tag='902'><subfield code='a'>140512</subfield></datafield><datafield ind1=' ' ind2=' ' tag='907'><subfield code='a'>.b44847981</subfield><subfield code='b'>p    </subfield><subfield code='c'>-</subfield></datafield><datafield ind1=' ' ind2=' ' tag='945'><subfield code='l'>pstk </subfield><subfield code='g'>1</subfield></datafield><datafield ind1=' ' ind2=' ' tag='979'><subfield code='a'>ocn458734114</subfield></datafield><datafield ind1=' ' ind2=' ' tag='998'><subfield code='b'>1</subfield><subfield code='c'>110118</subfield><subfield code='d'>m</subfield><subfield code='e'>a</subfield><subfield code='f'>-</subfield><subfield code='g'>0</subfield></datafield><datafield ind1=' ' ind2=' ' tag='998'><subfield code='a'>01/18/11</subfield><subfield code='s'>OCLC</subfield><subfield code='c'>YL</subfield></datafield><datafield ind1=' ' ind2=' ' tag='ADM'><subfield code='b'>2018-06-18 19:21:17</subfield><subfield code='e'>b44847981-01tuli_inst</subfield><subfield code='d'>ILS</subfield><subfield code='a'>2017-06-20 09:54:40</subfield><subfield code='c'>false</subfield></datafield><datafield ind1='0' ind2=' ' tag='HLD'><subfield code='b'>MAIN</subfield><subfield code='c'>stacks</subfield><subfield code='h'>BH39</subfield><subfield code='i'>.B47 2010</subfield><subfield code='8'>22298176050003811</subfield></datafield><datafield ind1=' ' ind2=' ' tag='ITM'><subfield code='r'>22298176050003811</subfield><subfield code='b'>1</subfield><subfield code='h'>0</subfield><subfield code='g'>stacks</subfield><subfield code='t'>BOOK</subfield><subfield code='9'>39074026228791</subfield><subfield code='e'>stacks</subfield><subfield code='8'>23298176030003811</subfield><subfield code='a'>0</subfield><subfield code='q'>2017-06-20 09:54:40</subfield><subfield code='i'>BH39 .B47 2010</subfield><subfield code='d'>MAIN</subfield><subfield code='f'>MAIN</subfield></datafield></record>