
<record xmlns='http://www.loc.gov/MARC21/slim'><leader>02177cam a2200493 a 4500</leader><controlfield tag='005'>20170825185119.0</controlfield><controlfield tag='008'>090423s2010    nyua     b    001 0aeng c</controlfield><controlfield tag='001'>991000872389703811</controlfield><datafield ind1=' ' ind2=' ' tag='010'><subfield code='a'>2009016844</subfield></datafield><datafield ind1=' ' ind2=' ' tag='020'><subfield code='a'>9780801447846 (cloth : alk. paper)</subfield></datafield><datafield ind1=' ' ind2=' ' tag='020'><subfield code='a'>0801447844 (cloth : alk. paper)</subfield></datafield><datafield ind1=' ' ind2=' ' tag='020'><subfield code='a'>9780801475139 (pbk. : alk. paper)</subfield></datafield><datafield ind1=' ' ind2=' ' tag='020'><subfield code='a'>0801475139 (pbk. : alk. paper)</subfield></datafield><datafield ind1=' ' ind2=' ' tag='035'><subfield code='a'>(PPT)b41982733-01tuli_inst</subfield></datafield><datafield ind1=' ' ind2=' ' tag='035'><subfield code='a'>(OCoLC)ocn668307161</subfield><subfield code='9'>ExL</subfield></datafield><datafield ind1=' ' ind2=' ' tag='035'><subfield code='a'>(OCoLC)319601768</subfield></datafield><datafield ind1=' ' ind2=' ' tag='035'><subfield code='a'>ocn319601768</subfield></datafield><datafield ind1=' ' ind2=' ' tag='035'><subfield code='a'>(OCLC)ocn319601768</subfield></datafield><datafield ind1=' ' ind2=' ' tag='040'><subfield code='a'>NIC/DLC</subfield><subfield code='c'>DLC</subfield><subfield code='d'>BTCTA</subfield><subfield code='d'>UKM</subfield><subfield code='d'>C#P</subfield><subfield code='d'>YDXCP</subfield><subfield code='d'>CDX</subfield></datafield><datafield ind1=' ' ind2=' ' tag='042'><subfield code='a'>pcc</subfield></datafield><datafield ind1=' ' ind2=' ' tag='043'><subfield code='a'>n-us-pa</subfield></datafield><datafield ind1=' ' ind2=' ' tag='079'><subfield code='a'>ocn319601768</subfield></datafield><datafield ind1=' ' ind2=' ' tag='090'><subfield code='a'>F158.9.F89</subfield><subfield code='b'>S26 2010</subfield></datafield><datafield ind1='1' ind2=' ' tag='100'><subfield code='a'>Sansom, Hannah Callender,</subfield><subfield code='d'>1737-1801.</subfield></datafield><datafield ind1='1' ind2='4' tag='245'><subfield code='a'>The diary of Hannah Callender Sansom :</subfield><subfield code='b'>sense and sensibility in the age of the American Revolution /</subfield><subfield code='c'>edited by Susan E. Klepp and Karin Wulf.</subfield></datafield><datafield ind1=' ' ind2=' ' tag='260'><subfield code='a'>Ithaca :</subfield><subfield code='b'>Cornell University Press,</subfield><subfield code='c'>2010.</subfield></datafield><datafield ind1=' ' ind2=' ' tag='300'><subfield code='a'>xii, 358 p. :</subfield><subfield code='b'>ill. ;</subfield><subfield code='c'>23 cm.</subfield></datafield><datafield ind1=' ' ind2=' ' tag='504'><subfield code='a'>Includes bibliographical references and index.</subfield></datafield><datafield ind1='0' ind2=' ' tag='505'><subfield code='a'>Talk, travel, and a couple of murders : Hannah Callender&apos;s sociable, venturesome life -- The diary : January 1758-August 1761 -- &quot;A new scene of life&quot; : men, women, and familial authority -- The diary : March 1762-November 1772 -- Interlude : Hannah Callender Sansom and a revolutionary world -- &quot;This man seems formed for domestic happiness&quot; : the marriage of Sally and Elliston -- The diary : November 1784-October 1788.</subfield></datafield><datafield ind1='1' ind2='0' tag='600'><subfield code='a'>Sansom, Hannah Callender,</subfield><subfield code='d'>1737-1801</subfield><subfield code='v'>Diaries.</subfield></datafield><datafield ind1=' ' ind2='0' tag='650'><subfield code='a'>Quakers</subfield><subfield code='z'>Pennsylvania</subfield><subfield code='z'>Philadelphia</subfield><subfield code='v'>Diaries.</subfield></datafield><datafield ind1=' ' ind2='0' tag='650'><subfield code='a'>Women</subfield><subfield code='z'>Pennsylvania</subfield><subfield code='z'>Philadelphia</subfield><subfield code='v'>Diaries.</subfield></datafield><datafield ind1=' ' ind2='0' tag='651'><subfield code='a'>Philadelphia (Pa.)</subfield><subfield code='x'>Social life and customs</subfield><subfield code='y'>18th century.</subfield></datafield><datafield ind1=' ' ind2='0' tag='651'><subfield code='a'>Philadelphia (Pa.)</subfield><subfield code='x'>History</subfield><subfield code='y'>18th century.</subfield></datafield><datafield ind1='1' ind2=' ' tag='700'><subfield code='a'>Klepp, Susan E.</subfield></datafield><datafield ind1='1' ind2=' ' tag='700'><subfield code='a'>Wulf, Karin A.,</subfield><subfield code='d'>1964-</subfield></datafield><datafield ind1=' ' ind2=' ' tag='902'><subfield code='a'>151216</subfield></datafield><datafield ind1=' ' ind2=' ' tag='907'><subfield code='a'>.b41982733</subfield><subfield code='b'>multi</subfield><subfield code='c'>-</subfield></datafield><datafield ind1=' ' ind2=' ' tag='945'><subfield code='l'>pstk </subfield><subfield code='g'>1</subfield></datafield><datafield ind1=' ' ind2=' ' tag='945'><subfield code='l'>pstk </subfield><subfield code='g'>1</subfield></datafield><datafield ind1=' ' ind2=' ' tag='945'><subfield code='l'>stem </subfield><subfield code='a'>196 K643 D537 2010</subfield><subfield code='g'>1</subfield></datafield><datafield ind1=' ' ind2=' ' tag='979'><subfield code='a'>ocn319601768</subfield></datafield><datafield ind1=' ' ind2=' ' tag='998'><subfield code='b'>6</subfield><subfield code='c'>100223</subfield><subfield code='d'>m</subfield><subfield code='e'>a</subfield><subfield code='f'>-</subfield><subfield code='g'>4</subfield></datafield><datafield ind1=' ' ind2=' ' tag='998'><subfield code='a'>02/23/10</subfield><subfield code='s'>LC</subfield><subfield code='c'>DH</subfield></datafield><datafield ind1=' ' ind2=' ' tag='ADM'><subfield code='b'>2018-06-18 15:55:56</subfield><subfield code='e'>b41982733-01tuli_inst</subfield><subfield code='d'>ILS</subfield><subfield code='a'>2017-06-20 14:45:10</subfield><subfield code='c'>false</subfield></datafield><datafield ind1='0' ind2=' ' tag='HLD'><subfield code='b'>MAIN</subfield><subfield code='c'>stacks</subfield><subfield code='h'>F158.9.F89</subfield><subfield code='i'>S26 2010</subfield><subfield code='8'>22333800440003811</subfield></datafield><datafield ind1='8' ind2=' ' tag='HLD'><subfield code='b'>SCRC</subfield><subfield code='c'>rarestacks</subfield><subfield code='h'>196 K643 D537 2010</subfield><subfield code='8'>22333800410003811</subfield></datafield><datafield ind1=' ' ind2=' ' tag='ITM'><subfield code='r'>22333800440003811</subfield><subfield code='b'>1</subfield><subfield code='h'>0</subfield><subfield code='g'>stacks</subfield><subfield code='t'>BOOK</subfield><subfield code='9'>39074025642752</subfield><subfield code='e'>stacks</subfield><subfield code='8'>23333800420003811</subfield><subfield code='a'>0</subfield><subfield code='q'>2017-06-20 14:45:10</subfield><subfield code='i'>F158.9.F89 S26 2010</subfield><subfield code='d'>MAIN</subfield><subfield code='f'>MAIN</subfield></datafield><datafield ind1=' ' ind2=' ' tag='ITM'><subfield code='r'>22333800440003811</subfield><subfield code='b'>1</subfield><subfield code='h'>0</subfield><subfield code='g'>stacks</subfield><subfield code='t'>BOOK</subfield><subfield code='9'>39074025012881</subfield><subfield code='e'>stacks</subfield><subfield code='8'>23333800430003811</subfield><subfield code='a'>0</subfield><subfield code='q'>2017-06-20 14:45:10</subfield><subfield code='i'>F158.9.F89 S26 2010</subfield><subfield code='d'>MAIN</subfield><subfield code='f'>MAIN</subfield></datafield><datafield ind1=' ' ind2=' ' tag='ITM'><subfield code='r'>22333800410003811</subfield><subfield code='b'>1</subfield><subfield code='h'>8</subfield><subfield code='g'>rarestacks</subfield><subfield code='t'>BOOK</subfield><subfield code='9'>39074025014069</subfield><subfield code='e'>rarestacks</subfield><subfield code='8'>23333800400003811</subfield><subfield code='a'>4</subfield><subfield code='q'>2017-06-20 14:45:10</subfield><subfield code='i'>196 K643 D537 2010</subfield><subfield code='d'>SCRC</subfield><subfield code='f'>SCRC</subfield></datafield></record>