
<record xmlns='http://www.loc.gov/MARC21/slim'><leader>02188nam a22004690  4500</leader><controlfield tag='005'>20180619211658.0</controlfield><controlfield tag='008'>900418s1990    njua     b    01100 eng  </controlfield><controlfield tag='001'>991026266169703811</controlfield><datafield ind1=' ' ind2=' ' tag='010'><subfield code='a'>88046055</subfield></datafield><datafield ind1=' ' ind2=' ' tag='020'><subfield code='a'>0838633528 (alk. paper)</subfield></datafield><datafield ind1=' ' ind2=' ' tag='035'><subfield code='a'>(PPT)b15423712-01tuli_inst</subfield></datafield><datafield ind1=' ' ind2=' ' tag='035'><subfield code='a'>ocn471945328</subfield><subfield code='9'>ExL</subfield></datafield><datafield ind1=' ' ind2=' ' tag='035'><subfield code='a'>PATG90-B10563</subfield></datafield><datafield ind1=' ' ind2=' ' tag='035'><subfield code='a'>ocm19723544</subfield></datafield><datafield ind1=' ' ind2=' ' tag='035'><subfield code='a'>(OCLC)ocm19723544</subfield></datafield><datafield ind1=' ' ind2=' ' tag='040'><subfield code='d'>NSbSU</subfield><subfield code='d'>NjR</subfield><subfield code='d'>RPB</subfield><subfield code='d'>PPT</subfield></datafield><datafield ind1=' ' ind2=' ' tag='043'><subfield code='a'>e-uk---</subfield><subfield code='a'>e-uk-en</subfield></datafield><datafield ind1=' ' ind2=' ' tag='079'><subfield code='a'>ocm19723544</subfield></datafield><datafield ind1=' ' ind2=' ' tag='090'><subfield code='a'>PR449.S4S4 1990</subfield></datafield><datafield ind1='0' ind2='0' tag='245'><subfield code='a'>Sensibility in transformation :</subfield><subfield code='b'>creative resistance to sentiment from the Augustans to the Romantics : essays in honor of Jean H. Hagstrum /</subfield><subfield code='c'>edited by Syndy McMillen Conger.</subfield></datafield><datafield ind1=' ' ind2=' ' tag='260'><subfield code='a'>Rutherford, N.J. :</subfield><subfield code='b'>Fairleigh Dickinson University Press ;</subfield><subfield code='a'>London ;</subfield><subfield code='a'>Cranbury, NJ :</subfield><subfield code='b'>Associated University Presses,</subfield><subfield code='c'>c1990.</subfield></datafield><datafield ind1=' ' ind2=' ' tag='300'><subfield code='a'>235 p. :</subfield><subfield code='b'>ill. ;</subfield><subfield code='c'>25 cm.</subfield></datafield><datafield ind1=' ' ind2=' ' tag='500'><subfield code='a'>Includes index.</subfield></datafield><datafield ind1=' ' ind2=' ' tag='504'><subfield code='a'>Bibliography: p. 208-225.</subfield></datafield><datafield ind1=' ' ind2=' ' tag='504'><subfield code='a'>&quot;Chronological list of works by Jean H. Hagstrum&quot;: p. 226-229.</subfield></datafield><datafield ind1='0' ind2=' ' tag='505'><subfield code='a'>The conscious speakers / Leland E. Warren -- &quot;They caught fire at each other&quot; / Mark S. Madoff -- Sensibility as argument / Stephen Cox -- Madness and lust in the age of sensibility / John A. Dussinger -- What kind of heroine is Mary Wollstonecraft? / Catherine N. Parke -- Sensibility and the walk of reason / Mitzi Myers -- Sense and sensibility / James Thompson -- The role of feeling in the formation of romantic ideology / Lore Metzger -- Persecutions of the infinite / Robert Platzner.</subfield></datafield><datafield ind1='1' ind2='0' tag='600'><subfield code='a'>Hagstrum, Jean H.</subfield></datafield><datafield ind1=' ' ind2='0' tag='650'><subfield code='a'>English literature</subfield><subfield code='y'>18th century</subfield><subfield code='x'>History and criticism.</subfield></datafield><datafield ind1=' ' ind2='0' tag='650'><subfield code='a'>Sentimentalism in literature.</subfield></datafield><datafield ind1=' ' ind2='0' tag='650'><subfield code='a'>English literature</subfield><subfield code='y'>19th century</subfield><subfield code='x'>History and criticism.</subfield></datafield><datafield ind1=' ' ind2='0' tag='650'><subfield code='a'>Romanticism</subfield><subfield code='z'>England.</subfield></datafield><datafield ind1='1' ind2='0' tag='700'><subfield code='a'>Hagstrum, Jean H.</subfield></datafield><datafield ind1='1' ind2='0' tag='700'><subfield code='a'>Conger, Syndy M.</subfield></datafield><datafield ind1=' ' ind2=' ' tag='902'><subfield code='a'>091207</subfield></datafield><datafield ind1=' ' ind2=' ' tag='907'><subfield code='a'>.b15423712</subfield><subfield code='b'>p    </subfield><subfield code='c'>-</subfield></datafield><datafield ind1=' ' ind2=' ' tag='935'><subfield code='a'>00585013</subfield></datafield><datafield ind1=' ' ind2=' ' tag='945'><subfield code='l'>pstk </subfield><subfield code='g'>1</subfield></datafield><datafield ind1=' ' ind2=' ' tag='950'><subfield code='l'>P</subfield><subfield code='i'>04/18/90 N</subfield></datafield><datafield ind1=' ' ind2=' ' tag='955'><subfield code='l'>P</subfield><subfield code='c'>0</subfield><subfield code='i'>04/18/90 C</subfield></datafield><datafield ind1=' ' ind2=' ' tag='979'><subfield code='a'>ocm19723544</subfield></datafield><datafield ind1=' ' ind2=' ' tag='998'><subfield code='b'>1</subfield><subfield code='c'>990101</subfield><subfield code='d'>m</subfield><subfield code='e'>a</subfield><subfield code='f'>-</subfield><subfield code='g'>0</subfield></datafield><datafield ind1=' ' ind2=' ' tag='998'><subfield code='a'>04/18/90</subfield><subfield code='t'>c</subfield><subfield code='s'>9110</subfield><subfield code='n'>PPT</subfield><subfield code='w'>NYSG90B5272</subfield><subfield code='d'>04/18/90</subfield><subfield code='b'>RF</subfield><subfield code='i'>900418</subfield><subfield code='l'>PATG</subfield></datafield><datafield ind1=' ' ind2=' ' tag='ADM'><subfield code='b'>2018-06-20 01:16:58</subfield><subfield code='e'>b15423712-01tuli_inst</subfield><subfield code='d'>ILS</subfield><subfield code='a'>2017-06-20 06:11:43</subfield><subfield code='c'>false</subfield></datafield><datafield ind1='0' ind2=' ' tag='HLD'><subfield code='b'>MAIN</subfield><subfield code='c'>stacks</subfield><subfield code='h'>PR449.S4S4 1990</subfield><subfield code='8'>22243056650003811</subfield></datafield><datafield ind1=' ' ind2=' ' tag='ITM'><subfield code='r'>22243056650003811</subfield><subfield code='b'>1</subfield><subfield code='h'>0</subfield><subfield code='g'>stacks</subfield><subfield code='t'>BOOK</subfield><subfield code='9'>39074007267420</subfield><subfield code='e'>stacks</subfield><subfield code='8'>23243056640003811</subfield><subfield code='a'>0</subfield><subfield code='q'>2017-06-20 06:11:43</subfield><subfield code='i'>PR449.S4S4 1990</subfield><subfield code='d'>MAIN</subfield><subfield code='f'>MAIN</subfield></datafield></record>