
<record xmlns='http://www.loc.gov/MARC21/slim'><leader>02243cam a2200349   4500</leader><controlfield tag='005'>20180315202407.0</controlfield><controlfield tag='008'>700930s1970    ilu      b    00100 eng  </controlfield><controlfield tag='001'>991029086279703811</controlfield><datafield ind1=' ' ind2=' ' tag='020'><subfield code='a'>0809304481</subfield></datafield><datafield ind1=' ' ind2=' ' tag='035'><subfield code='a'>(PPT)b25160588-01tuli_inst</subfield></datafield><datafield ind1=' ' ind2=' ' tag='035'><subfield code='a'>ocn489134219</subfield><subfield code='9'>ExL</subfield></datafield><datafield ind1=' ' ind2=' ' tag='035'><subfield code='a'>   75112395 //r87</subfield></datafield><datafield ind1=' ' ind2=' ' tag='035'><subfield code='a'>ocm00095643</subfield></datafield><datafield ind1=' ' ind2=' ' tag='035'><subfield code='a'>(OCLC)ocm00095643</subfield></datafield><datafield ind1=' ' ind2=' ' tag='079'><subfield code='a'>ocm00095643</subfield></datafield><datafield ind1=' ' ind2=' ' tag='090'><subfield code='a'>PR403</subfield><subfield code='b'>.S4</subfield></datafield><datafield ind1='0' ind2='0' tag='245'><subfield code='a'>Sense and sensibility in twentieth-century writing;</subfield><subfield code='b'>a gathering in memory of William Van O&apos;Connor.</subfield><subfield code='c'>Edited by Brom Weber. With a pref. by Harry T. Moore.</subfield></datafield><datafield ind1=' ' ind2=' ' tag='260'><subfield code='a'>Carbondale,</subfield><subfield code='b'>Southern Illinois University Press</subfield><subfield code='c'>[1970]</subfield></datafield><datafield ind1=' ' ind2=' ' tag='300'><subfield code='a'>xvi, 174 p.</subfield><subfield code='c'>22 cm.</subfield></datafield><datafield ind1='0' ind2=' ' tag='490'><subfield code='a'>Crosscurrents/modern critiques</subfield></datafield><datafield ind1=' ' ind2=' ' tag='504'><subfield code='a'>Includes bibliographical references.</subfield></datafield><datafield ind1='0' ind2=' ' tag='505'><subfield code='a'>The state and future of criticism: The continuing need for criticism, by M. Krieger. The double truth of modern poetic criticism, by E. Miner.--Writers of Europe and Africa: John Fowles&apos;s The magus, by M. Bradbury. An African tragedy of hubris; Thomas Mofolo&apos;s Chaka, by A. Gérard. Demonic strategies; The birthday party, and The firebugs, by R. B. Heilman.--American writers: The upward path; notes on the work of Katherine Anne Porter, by H. Baker. The way to read Gatsby, by R. Foster. Mark Twain among the malefactors, by L. Leary. The Pisan cantos, the form of survival, by W. Sutton.--Poetry and fiction, materials for criticism: How distant, by P. Larkin. Indomitable city, London 1943-1946, by V. d. S. Pinto. Cockfight in Milo, by K. Shapiro. On the heights of grief, That old new year, and, Who&apos;ll be like you? By L. Unger. Bad year, bad war; New Year&apos;s card, by R. P. Warren. A centenary ode inscribed to Little Crow, leader of the Sioux rebellion in Minnesota, Northern pike, A way to make a living, and, A summer memory in the crowded city, by J. Wright.</subfield></datafield><datafield ind1=' ' ind2='0' tag='650'><subfield code='a'>English literature</subfield><subfield code='x'>History and criticism.</subfield></datafield><datafield ind1=' ' ind2='0' tag='650'><subfield code='a'>American literature</subfield><subfield code='x'>History and criticism.</subfield></datafield><datafield ind1=' ' ind2='0' tag='650'><subfield code='a'>English literature.</subfield></datafield><datafield ind1=' ' ind2='0' tag='650'><subfield code='a'>American literature.</subfield></datafield><datafield ind1=' ' ind2=' ' tag='902'><subfield code='a'>MARCIVE RECON PROJECT</subfield></datafield><datafield ind1=' ' ind2=' ' tag='902'><subfield code='a'>PR403</subfield><subfield code='b'>.S4</subfield></datafield><datafield ind1=' ' ind2=' ' tag='907'><subfield code='a'>.b25160588</subfield><subfield code='b'>p    </subfield><subfield code='c'>-</subfield></datafield><datafield ind1=' ' ind2=' ' tag='945'><subfield code='l'>pstk </subfield><subfield code='g'>1</subfield></datafield><datafield ind1=' ' ind2=' ' tag='979'><subfield code='a'>ocm00095643</subfield></datafield><datafield ind1=' ' ind2=' ' tag='998'><subfield code='b'>1</subfield><subfield code='c'>020720</subfield><subfield code='d'>m</subfield><subfield code='e'>a</subfield><subfield code='f'>-</subfield><subfield code='g'>0</subfield></datafield><datafield ind1=' ' ind2=' ' tag='ADM'><subfield code='b'>2018-06-20 01:56:05</subfield><subfield code='e'>b25160588-01tuli_inst</subfield><subfield code='d'>ILS</subfield><subfield code='a'>2017-06-20 06:03:33</subfield><subfield code='c'>false</subfield></datafield><datafield ind1='0' ind2=' ' tag='HLD'><subfield code='b'>MAIN</subfield><subfield code='c'>stacks</subfield><subfield code='h'>PR403</subfield><subfield code='i'>.S4</subfield><subfield code='8'>22240518440003811</subfield></datafield><datafield ind1=' ' ind2=' ' tag='ITM'><subfield code='r'>22240518440003811</subfield><subfield code='b'>1</subfield><subfield code='h'>0</subfield><subfield code='g'>stacks</subfield><subfield code='t'>BOOK</subfield><subfield code='9'>39074012963104</subfield><subfield code='e'>stacks</subfield><subfield code='8'>23240518430003811</subfield><subfield code='a'>0</subfield><subfield code='q'>2017-06-20 06:03:33</subfield><subfield code='i'>PR403 .S4</subfield><subfield code='d'>MAIN</subfield><subfield code='f'>MAIN</subfield></datafield></record>