
<record xmlns='http://www.loc.gov/MARC21/slim'><leader>02346nam  2200457 i 4500</leader><controlfield tag='001'>991036749106603811</controlfield><controlfield tag='005'>20170919044259.0</controlfield><controlfield tag='006'>m     o  d |      </controlfield><controlfield tag='007'>cr -n---------</controlfield><controlfield tag='008'>160209t20092009ncua    o     001 0 eng d</controlfield><datafield ind1=' ' ind2=' ' tag='020'><subfield code='a'>1-4696-0081-1</subfield></datafield><datafield ind1=' ' ind2=' ' tag='035'><subfield code='a'>(CKB)3710000000538163</subfield></datafield><datafield ind1=' ' ind2=' ' tag='035'><subfield code='a'>(EBL)4321908</subfield></datafield><datafield ind1=' ' ind2=' ' tag='035'><subfield code='a'>(SSID)ssj0001437233</subfield></datafield><datafield ind1=' ' ind2=' ' tag='035'><subfield code='a'>(PQKBManifestationID)12548207</subfield></datafield><datafield ind1=' ' ind2=' ' tag='035'><subfield code='a'>(PQKBTitleCode)TC0001437233</subfield></datafield><datafield ind1=' ' ind2=' ' tag='035'><subfield code='a'>(PQKBWorkID)11446047</subfield></datafield><datafield ind1=' ' ind2=' ' tag='035'><subfield code='a'>(PQKB)11223647</subfield></datafield><datafield ind1=' ' ind2=' ' tag='035'><subfield code='a'>(MiAaPQ)EBC4321908</subfield></datafield><datafield ind1=' ' ind2=' ' tag='035'><subfield code='a'>(EXLCZ)993710000000538163</subfield></datafield><datafield ind1=' ' ind2=' ' tag='040'><subfield code='a'>MiAaPQ</subfield><subfield code='b'>eng</subfield><subfield code='e'>rda</subfield><subfield code='e'>pn</subfield><subfield code='c'>MiAaPQ</subfield><subfield code='d'>MiAaPQ</subfield></datafield><datafield ind1=' ' ind2=' ' tag='041'><subfield code='a'>eng</subfield></datafield><datafield ind1=' ' ind2=' ' tag='043'><subfield code='a'>n-us---</subfield></datafield><datafield ind1=' ' ind2='4' tag='050'><subfield code='a'>E209</subfield><subfield code='b'>.K568 2009</subfield></datafield><datafield ind1='0' ind2='0' tag='082'><subfield code='a'>973.31</subfield></datafield><datafield ind1='1' ind2=' ' tag='100'><subfield code='a'>Knott, Sarah,</subfield><subfield code='d'>1972-</subfield><subfield code='e'>author.</subfield></datafield><datafield ind1='1' ind2='0' tag='245'><subfield code='a'>Sensibility and the American Revolution /</subfield><subfield code='c'>Sarah Knott.</subfield></datafield><datafield ind1=' ' ind2='1' tag='264'><subfield code='a'>Chapel Hill, [North Carolina] :</subfield><subfield code='b'>Published for the Omohundro Institute of Early American History and Culture, Williamsburg, Virginia, by the University of North Carolina Press,</subfield><subfield code='c'>2009.</subfield></datafield><datafield ind1=' ' ind2='4' tag='264'><subfield code='c'>©2009</subfield></datafield><datafield ind1=' ' ind2=' ' tag='300'><subfield code='a'>1 online resource (353 p.)</subfield></datafield><datafield ind1=' ' ind2=' ' tag='336'><subfield code='a'>text</subfield><subfield code='b'>txt</subfield></datafield><datafield ind1=' ' ind2=' ' tag='337'><subfield code='a'>computer</subfield><subfield code='b'>c</subfield></datafield><datafield ind1=' ' ind2=' ' tag='338'><subfield code='a'>online resource</subfield><subfield code='b'>cr</subfield></datafield><datafield ind1='1' ind2=' ' tag='490'><subfield code='a'>Published for the Omohundro Institute of Early American History and Culture, Williamsburg, Virginia</subfield></datafield><datafield ind1=' ' ind2=' ' tag='500'><subfield code='a'>Description based upon print version of record.</subfield></datafield><datafield ind1='0' ind2=' ' tag='505'><subfield code='a'>Contents; Acknowledgments; List of Illustrations; List of Abbreviations; Introduction; PART I: Transatlantic Conduits; CHAPTER 1 Print, Booksellers, and the Sentimental; CHAPTER 2 Medicine, Physicians, and the Nervous; PART II: American Circles; CHAPTER 3 Sentimental Coteries: A Quartet of Types; CHAPTER 4 The War for Independence; CHAPTER 5 Shaping the New Republic; PART III: Transatlantic Backlash; CHAPTER 6 Wars of Words: Radicalism, Youth, and Reaction; Epilogue; Index; A; B; C; D; E; F; G; H; I; J; K; L; M; N; O; P; Q; R; S; T; U; V; W; Y</subfield></datafield><datafield ind1=' ' ind2=' ' tag='546'><subfield code='a'>English</subfield></datafield><datafield ind1=' ' ind2=' ' tag='588'><subfield code='a'>Description based on print version record.</subfield></datafield><datafield ind1=' ' ind2='0' tag='650'><subfield code='a'>Sensitivity (Personality trait)</subfield><subfield code='x'>Social aspects</subfield><subfield code='z'>United States</subfield><subfield code='x'>History</subfield><subfield code='y'>18th century.</subfield></datafield><datafield ind1=' ' ind2='0' tag='650'><subfield code='a'>Sensitivity (Personality trait)</subfield><subfield code='x'>Political aspects</subfield><subfield code='z'>United States</subfield><subfield code='x'>History</subfield><subfield code='y'>18th century.</subfield></datafield><datafield ind1=' ' ind2='0' tag='650'><subfield code='a'>Self-perception</subfield><subfield code='z'>United States</subfield><subfield code='x'>History</subfield><subfield code='y'>18th century.</subfield></datafield><datafield ind1=' ' ind2='0' tag='650'><subfield code='a'>Social interaction</subfield><subfield code='z'>United States</subfield><subfield code='x'>History</subfield><subfield code='y'>18th century.</subfield></datafield><datafield ind1=' ' ind2='0' tag='650'><subfield code='a'>Community life</subfield><subfield code='z'>United States</subfield><subfield code='x'>History</subfield><subfield code='y'>18th century.</subfield></datafield><datafield ind1=' ' ind2='0' tag='650'><subfield code='a'>Political culture</subfield><subfield code='z'>United States</subfield><subfield code='x'>History</subfield><subfield code='y'>18th century.</subfield></datafield><datafield ind1=' ' ind2='4' tag='655'><subfield code='a'>Electronic books.</subfield></datafield><datafield ind1=' ' ind2='0' tag='651'><subfield code='a'>United States</subfield><subfield code='x'>History</subfield><subfield code='y'>Revolution, 1775-1783</subfield><subfield code='x'>Social aspects.</subfield></datafield><datafield ind1=' ' ind2='0' tag='651'><subfield code='a'>United States</subfield><subfield code='x'>Social life and customs</subfield><subfield code='y'>1775-1865.</subfield></datafield><datafield ind1=' ' ind2='0' tag='651'><subfield code='a'>United States</subfield><subfield code='x'>Politics and government</subfield><subfield code='y'>1775-1783.</subfield></datafield><datafield ind1=' ' ind2='0' tag='651'><subfield code='a'>United States</subfield><subfield code='x'>Politics and government</subfield><subfield code='y'>1783-1809.</subfield></datafield><datafield ind1='1' ind2=' ' tag='700'><subfield code='a'>Staff, Omohundro Institute of Early American History &amp; Culture.</subfield></datafield><datafield ind1=' ' ind2=' ' tag='776'><subfield code='z'>0-8078-5918-4</subfield></datafield><datafield ind1=' ' ind2=' ' tag='776'><subfield code='z'>0-8078-3198-0</subfield></datafield><datafield ind1=' ' ind2='0' tag='830'><subfield code='a'>Published for the Omohundro Institute of Early American History and Culture, Williamsburg, Virginia</subfield></datafield><datafield ind1=' ' ind2=' ' tag='906'><subfield code='a'>BOOK</subfield></datafield><datafield ind1=' ' ind2=' ' tag='ADM'><subfield code='b'>2018-04-19 03:53:19</subfield><subfield code='e'>993710000000538163</subfield><subfield code='d'>NON_SFX</subfield><subfield code='f'>20160803134623.0</subfield><subfield code='a'>2015-12-12 15:57:58</subfield><subfield code='c'>false</subfield></datafield><datafield ind1=' ' ind2=' ' tag='PRT'><subfield code='a'>53398088900003811</subfield><subfield code='b'>https://sandbox01-na.alma.exlibrisgroup.com/view/uresolver/01TULI_INST/openurl?u.ignore_date_coverage=true&amp;rft.mms_id=991036749106603811</subfield><subfield code='e'>EBSCOhost</subfield><subfield code='9'>Available</subfield><subfield code='c'>EBSCOhost eBook Community College Collection</subfield><subfield code='h'>613860000000000003</subfield><subfield code='8'>53398088900003811</subfield></datafield><datafield ind1=' ' ind2=' ' tag='PRT'><subfield code='a'>53422818640003811</subfield><subfield code='b'>https://sandbox01-na.alma.exlibrisgroup.com/view/uresolver/01TULI_INST/openurl?u.ignore_date_coverage=true&amp;rft.mms_id=991036749106603811</subfield><subfield code='e'>Ebook Central</subfield><subfield code='9'>Available</subfield><subfield code='c'>Ebook Central Academic Complete</subfield><subfield code='h'>614200000000000002</subfield><subfield code='8'>53422818640003811</subfield></datafield><datafield ind1=' ' ind2=' ' tag='PRT'><subfield code='a'>53398295590003811</subfield><subfield code='b'>https://sandbox01-na.alma.exlibrisgroup.com/view/uresolver/01TULI_INST/openurl?u.ignore_date_coverage=true&amp;rft.mms_id=991036749106603811</subfield><subfield code='e'>EBSCOhost</subfield><subfield code='9'>Available</subfield><subfield code='c'>EBSCOhost Academic eBook Collection (North America)</subfield><subfield code='h'>613640000000000029</subfield><subfield code='8'>53398295590003811</subfield></datafield></record>