
<record xmlns='http://www.loc.gov/MARC21/slim'><leader>02778cam a2200589Ii 4500</leader><controlfield tag='005'>20170825184637.0</controlfield><controlfield tag='008'>160215t20162016nyu           000 d eng d</controlfield><controlfield tag='001'>991025939859703811</controlfield><datafield ind1=' ' ind2=' ' tag='020'><subfield code='a'>082223324X</subfield></datafield><datafield ind1=' ' ind2=' ' tag='020'><subfield code='a'>9780822233244</subfield></datafield><datafield ind1=' ' ind2=' ' tag='035'><subfield code='a'>(PPT)b62947242-01tuli_inst</subfield></datafield><datafield ind1=' ' ind2=' ' tag='035'><subfield code='a'>(OCoLC)939532687</subfield></datafield><datafield ind1=' ' ind2=' ' tag='035'><subfield code='a'>ocn939532687</subfield></datafield><datafield ind1=' ' ind2=' ' tag='035'><subfield code='a'>(OCLC)ocn939532687</subfield></datafield><datafield ind1=' ' ind2=' ' tag='040'><subfield code='a'>YDXCP</subfield><subfield code='b'>eng</subfield><subfield code='e'>rda</subfield><subfield code='c'>YDXCP</subfield><subfield code='d'>TXI</subfield><subfield code='d'>OCLCO</subfield><subfield code='d'>EYM</subfield><subfield code='d'>OCLCF</subfield><subfield code='d'>OCLCO</subfield><subfield code='d'>ZCU</subfield><subfield code='d'>NGU</subfield><subfield code='d'>OCLCO</subfield></datafield><datafield ind1=' ' ind2=' ' tag='043'><subfield code='a'>e-uk-en</subfield></datafield><datafield ind1=' ' ind2=' ' tag='079'><subfield code='a'>ocn939532687</subfield></datafield><datafield ind1=' ' ind2=' ' tag='090'><subfield code='a'>PS3608.A649</subfield><subfield code='b'>S46 2016</subfield></datafield><datafield ind1='1' ind2=' ' tag='100'><subfield code='a'>Hamill, Kate,</subfield><subfield code='e'>author.</subfield></datafield><datafield ind1='1' ind2='0' tag='245'><subfield code='a'>Sense and sensibility /</subfield><subfield code='c'>by Kate Hamill ; based on the novel by Jane Austen.</subfield></datafield><datafield ind1=' ' ind2='1' tag='264'><subfield code='a'>New York :</subfield><subfield code='b'>Dramatists Play Service,</subfield><subfield code='c'>[2016]</subfield></datafield><datafield ind1=' ' ind2='4' tag='264'><subfield code='c'>©2016</subfield></datafield><datafield ind1=' ' ind2=' ' tag='300'><subfield code='a'>85 pages ;</subfield><subfield code='c'>20 cm </subfield></datafield><datafield ind1=' ' ind2=' ' tag='336'><subfield code='a'>text</subfield><subfield code='b'>txt</subfield><subfield code='2'>rdacontent</subfield></datafield><datafield ind1=' ' ind2=' ' tag='337'><subfield code='a'>unmediated</subfield><subfield code='b'>n</subfield><subfield code='2'>rdamedia</subfield></datafield><datafield ind1=' ' ind2=' ' tag='338'><subfield code='a'>volume</subfield><subfield code='b'>nc</subfield><subfield code='2'>rdacarrier</subfield></datafield><datafield ind1=' ' ind2=' ' tag='500'><subfield code='a'>4M, 4W: 17 total (doubling, flexible casting).</subfield></datafield><datafield ind1=' ' ind2=' ' tag='500'><subfield code='a'>&quot;World premiere of Sense and Sensibility was produced by Bedlam ... at the Sheen Center in New York City, on November 10th, 2014&quot;--page 5.</subfield></datafield><datafield ind1=' ' ind2=' ' tag='520'><subfield code='a'>A playful new adaptation of Jane Austen&apos;s beloved novel follows the fortunes (and misfortunes) of the Dashwood sisters -- sensible Elinor and hypersensitive Marianne -- after their father&apos;s sudden death leaves them financially destitute and socially vulnerable. Set in gossipy late 18th-century England, with a fresh female voice, the play is full of humor, emotional depth, and bold theatricality. Sense and Sensibility examines our reactions, both reasonable and ridiculous, to societal pressures. When reputation is everything, how do you follow your heart?</subfield></datafield><datafield ind1='1' ind2='0' tag='600'><subfield code='a'>Austen, Jane,</subfield><subfield code='d'>1775-1817</subfield><subfield code='v'>Adaptations.</subfield></datafield><datafield ind1='1' ind2='0' tag='600'><subfield code='a'>Austen, Jane,</subfield><subfield code='d'>1775-1817.</subfield><subfield code='t'>Sense and sensibility.</subfield></datafield><datafield ind1=' ' ind2='0' tag='650'><subfield code='a'>Inheritance and succession</subfield><subfield code='v'>Drama.</subfield></datafield><datafield ind1=' ' ind2='0' tag='650'><subfield code='a'>Social classes</subfield><subfield code='v'>Drama.</subfield></datafield><datafield ind1=' ' ind2='0' tag='650'><subfield code='a'>Young women</subfield><subfield code='v'>Drama.</subfield></datafield><datafield ind1=' ' ind2='0' tag='650'><subfield code='a'>Sisters</subfield><subfield code='v'>Drama.</subfield></datafield><datafield ind1=' ' ind2='0' tag='651'><subfield code='a'>England</subfield><subfield code='v'>Drama.</subfield></datafield><datafield ind1='1' ind2='7' tag='600'><subfield code='a'>Austen, Jane,</subfield><subfield code='d'>1775-1817.</subfield><subfield code='2'>fast</subfield><subfield code='0'>(OCoLC)fst00032929</subfield></datafield><datafield ind1='0' ind2='7' tag='630'><subfield code='a'>Sense and sensibility (Austen, Jane)</subfield><subfield code='2'>fast</subfield><subfield code='0'>(OCoLC)fst01356105</subfield></datafield><datafield ind1=' ' ind2='7' tag='650'><subfield code='a'>Inheritance and succession.</subfield><subfield code='2'>fast</subfield><subfield code='0'>(OCoLC)fst00973371</subfield></datafield><datafield ind1=' ' ind2='7' tag='650'><subfield code='a'>Sisters.</subfield><subfield code='2'>fast</subfield><subfield code='0'>(OCoLC)fst01119758</subfield></datafield><datafield ind1=' ' ind2='7' tag='650'><subfield code='a'>Social classes.</subfield><subfield code='2'>fast</subfield><subfield code='0'>(OCoLC)fst01122346</subfield></datafield><datafield ind1=' ' ind2='7' tag='650'><subfield code='a'>Young women.</subfield><subfield code='2'>fast</subfield><subfield code='0'>(OCoLC)fst01183301</subfield></datafield><datafield ind1=' ' ind2='7' tag='651'><subfield code='a'>England.</subfield><subfield code='2'>fast</subfield><subfield code='0'>(OCoLC)fst01219920</subfield></datafield><datafield ind1=' ' ind2='7' tag='655'><subfield code='a'>Adaptations.</subfield><subfield code='2'>fast</subfield><subfield code='0'>(OCoLC)fst01423910</subfield></datafield><datafield ind1=' ' ind2='7' tag='655'><subfield code='a'>Drama.</subfield><subfield code='2'>fast</subfield><subfield code='0'>(OCoLC)fst01423879</subfield></datafield><datafield ind1='1' ind2=' ' tag='700'><subfield code='a'>Austen, Jane,</subfield><subfield code='d'>1775-1817.</subfield><subfield code='t'>Sense and sensibility.</subfield></datafield><datafield ind1=' ' ind2=' ' tag='902'><subfield code='a'>161003</subfield></datafield><datafield ind1=' ' ind2=' ' tag='907'><subfield code='a'>.b62947242</subfield><subfield code='b'>p    </subfield><subfield code='c'>-</subfield></datafield><datafield ind1=' ' ind2=' ' tag='945'><subfield code='l'>pstk </subfield><subfield code='g'>1</subfield></datafield><datafield ind1=' ' ind2=' ' tag='979'><subfield code='a'>ocn939532687</subfield></datafield><datafield ind1=' ' ind2=' ' tag='998'><subfield code='b'>1</subfield><subfield code='c'>160907</subfield><subfield code='d'>m</subfield><subfield code='e'>a</subfield><subfield code='f'>-</subfield><subfield code='g'>0</subfield></datafield><datafield ind1=' ' ind2=' ' tag='998'><subfield code='a'>09/07/16</subfield><subfield code='s'>OCLC</subfield><subfield code='c'>YL</subfield></datafield><datafield ind1=' ' ind2=' ' tag='ADM'><subfield code='b'>2018-06-20 01:10:34</subfield><subfield code='e'>b62947242-01tuli_inst</subfield><subfield code='d'>ILS</subfield><subfield code='a'>2017-06-20 13:19:36</subfield><subfield code='c'>false</subfield></datafield><datafield ind1='0' ind2=' ' tag='HLD'><subfield code='b'>MAIN</subfield><subfield code='c'>stacks</subfield><subfield code='h'>PS3608.A649</subfield><subfield code='i'>S46 2016</subfield><subfield code='8'>22324214040003811</subfield></datafield><datafield ind1=' ' ind2=' ' tag='ITM'><subfield code='r'>22324214040003811</subfield><subfield code='b'>1</subfield><subfield code='h'>0</subfield><subfield code='g'>stacks</subfield><subfield code='t'>BOOK</subfield><subfield code='9'>39074030142004</subfield><subfield code='e'>stacks</subfield><subfield code='8'>23324214030003811</subfield><subfield code='a'>0</subfield><subfield code='q'>2017-06-20 13:19:36</subfield><subfield code='i'>PS3608.A649 S46 2016</subfield><subfield code='d'>MAIN</subfield><subfield code='f'>MAIN</subfield></datafield></record>