
<record xmlns='http://www.loc.gov/MARC21/slim'><leader>03144cam a22004814a 4500</leader><controlfield tag='005'>20170825183627.0</controlfield><controlfield tag='008'>050329s2005    ctuaf    b    001 0 eng  </controlfield><controlfield tag='001'>991011933969703811</controlfield><datafield ind1=' ' ind2=' ' tag='010'><subfield code='a'>2005009022</subfield></datafield><datafield ind1=' ' ind2=' ' tag='020'><subfield code='a'>0300110022 (hdbk. : alk. paper)</subfield></datafield><datafield ind1=' ' ind2=' ' tag='020'><subfield code='a'>093060699X (alk. paper)</subfield></datafield><datafield ind1=' ' ind2=' ' tag='035'><subfield code='a'>(PPT)b29895042-01tuli_inst</subfield></datafield><datafield ind1=' ' ind2=' ' tag='035'><subfield code='a'>ocn490929111</subfield><subfield code='9'>ExL</subfield></datafield><datafield ind1=' ' ind2=' ' tag='035'><subfield code='a'>PPTb29895042</subfield></datafield><datafield ind1=' ' ind2=' ' tag='035'><subfield code='a'>ocm58791080</subfield></datafield><datafield ind1=' ' ind2=' ' tag='035'><subfield code='a'>(OCLC)ocm58791080</subfield></datafield><datafield ind1=' ' ind2=' ' tag='040'><subfield code='a'>DLC</subfield><subfield code='c'>DLC</subfield><subfield code='d'>BAKER</subfield><subfield code='d'>UKM</subfield><subfield code='d'>C#P</subfield><subfield code='d'>VVC</subfield><subfield code='d'>YBM</subfield><subfield code='d'>IXA</subfield><subfield code='d'>DLC</subfield></datafield><datafield ind1=' ' ind2=' ' tag='042'><subfield code='a'>pcc</subfield></datafield><datafield ind1=' ' ind2=' ' tag='043'><subfield code='a'>e-uk-en</subfield></datafield><datafield ind1=' ' ind2=' ' tag='079'><subfield code='a'>ocm58791080</subfield></datafield><datafield ind1=' ' ind2=' ' tag='090'><subfield code='a'>ND497.G2</subfield><subfield code='b'>S45 2005</subfield></datafield><datafield ind1='0' ind2='0' tag='245'><subfield code='a'>Sensation &amp; sensibility :</subfield><subfield code='b'>viewing Gainsborough&apos;s cottage door /</subfield><subfield code='c'>edited by Ann Bermingham.</subfield></datafield><datafield ind1='3' ind2=' ' tag='246'><subfield code='a'>Sensation and sensibility</subfield></datafield><datafield ind1=' ' ind2=' ' tag='260'><subfield code='a'>New Haven :</subfield><subfield code='b'>Yale Center for British Art ;</subfield><subfield code='a'>San Marino, Calif. :</subfield><subfield code='b'>Huntington Library, Art Collections, &amp; Botanical Gardens ;</subfield><subfield code='a'>New Haven :</subfield><subfield code='b'>Yale University Press,</subfield><subfield code='c'>c2005.</subfield></datafield><datafield ind1=' ' ind2=' ' tag='300'><subfield code='a'>xii, 216 p., v p. of plates :</subfield><subfield code='b'>ill. (some col.) ;</subfield><subfield code='c'>29 cm.</subfield></datafield><datafield ind1='0' ind2=' ' tag='505'><subfield code='a'>Gainsborough&apos;s cottage door: sensation and sensibility / Ann Bermingham -- Cottages and The cottage door&apos;s cultural significance -- &quot;Innocence and health&quot;: nursing women in Gainsborough&apos;s cottage-door paintings / Susan Sloman -- Spectacles for republicans / John Barrell -- Gainsborough and the theme of the &quot;cottage door&quot; -- Gainsborough&apos;s cottage doors: a matter of modernity / Michael Rosenthal -- Gainsborough&apos;s cottage-door scenes: aesthetic principles, moral values / Amal Asfour and Paul Williamson -- Collectors and The cottage door -- The early collectors of The cottage door / Dongho Chun -- Gainsborough&apos;s Cottage door in Sir John Leicester&apos;s &apos;tent room&apos; / Ann Bermingham -- Gainsborough and de Loutherbourg: sensation and the landscape of special effects -- Magic in the studio / William Vaughan -- Magic, spectacle and the art of de Loutherbourg&apos;s Eidophusikon / Iain McCalman.</subfield></datafield><datafield ind1=' ' ind2=' ' tag='500'><subfield code='a'>&quot;Accompanies the exhibition Sensation and sensibility: viewing Gainsborough&apos;s cottage door, co-organized by the Yale Center for British Art (YCBA) and the Huntington Library, Art Collections, and Botanical Gardens ... at the YCBA from 6 October to 31 December 2005 and at the Huntington from 11 February to 14 May 2006&quot;--T.p. verso.</subfield></datafield><datafield ind1=' ' ind2=' ' tag='504'><subfield code='a'>Includes bibliographical references (p. [198]-211) and index.</subfield></datafield><datafield ind1='1' ind2='0' tag='600'><subfield code='a'>Gainsborough, Thomas,</subfield><subfield code='d'>1727-1788</subfield><subfield code='x'>Criticism and interpretation.</subfield></datafield><datafield ind1=' ' ind2='0' tag='650'><subfield code='a'>Rural poor in art.</subfield></datafield><datafield ind1=' ' ind2='0' tag='650'><subfield code='a'>Genre painting, English</subfield><subfield code='y'>18th century.</subfield></datafield><datafield ind1=' ' ind2='0' tag='650'><subfield code='a'>Art</subfield><subfield code='x'>Exhibition techniques</subfield><subfield code='x'>History</subfield><subfield code='y'>18th century.</subfield></datafield><datafield ind1='1' ind2=' ' tag='700'><subfield code='a'>Bermingham, Ann.</subfield></datafield><datafield ind1='2' ind2=' ' tag='710'><subfield code='a'>Yale Center for British Art.</subfield></datafield><datafield ind1='2' ind2=' ' tag='710'><subfield code='a'>Henry E. Huntington Library and Art Gallery.</subfield></datafield><datafield ind1='4' ind2='2' tag='856'><subfield code='z'>Access Contributor biographical information.</subfield><subfield code='u'>http://www.loc.gov/catdir/enhancements/fy0662/2005009022-b.html</subfield></datafield><datafield ind1='4' ind2='2' tag='856'><subfield code='z'>Access description provided by publisher.</subfield><subfield code='u'>http://www.loc.gov/catdir/enhancements/fy0662/2005009022-d.html</subfield></datafield><datafield ind1=' ' ind2=' ' tag='902'><subfield code='a'>110512</subfield></datafield><datafield ind1=' ' ind2=' ' tag='907'><subfield code='a'>.b29895042</subfield><subfield code='b'>p    </subfield><subfield code='c'>-</subfield></datafield><datafield ind1=' ' ind2=' ' tag='945'><subfield code='l'>pstk </subfield><subfield code='g'>1</subfield></datafield><datafield ind1=' ' ind2=' ' tag='979'><subfield code='a'>ocm58791080</subfield></datafield><datafield ind1=' ' ind2=' ' tag='998'><subfield code='b'>0</subfield><subfield code='c'>060724</subfield><subfield code='d'>m</subfield><subfield code='e'>a</subfield><subfield code='f'>-</subfield><subfield code='g'>0</subfield></datafield><datafield ind1=' ' ind2=' ' tag='998'><subfield code='a'>07/24/06</subfield><subfield code='s'>LC</subfield><subfield code='c'>AT</subfield></datafield><datafield ind1=' ' ind2=' ' tag='ADM'><subfield code='b'>2018-06-21 07:09:28</subfield><subfield code='e'>b29895042-01tuli_inst</subfield><subfield code='d'>ILS</subfield><subfield code='a'>2017-06-20 10:43:49</subfield><subfield code='c'>false</subfield></datafield><datafield ind1='0' ind2=' ' tag='HLD'><subfield code='b'>MAIN</subfield><subfield code='c'>stacks</subfield><subfield code='h'>ND497.G2</subfield><subfield code='i'>S45 2005</subfield><subfield code='8'>22305618710003811</subfield></datafield><datafield ind1=' ' ind2=' ' tag='ITM'><subfield code='r'>22305618710003811</subfield><subfield code='b'>1</subfield><subfield code='h'>0</subfield><subfield code='g'>stacks</subfield><subfield code='t'>BOOK</subfield><subfield code='9'>39074020436648</subfield><subfield code='e'>stacks</subfield><subfield code='8'>23305618700003811</subfield><subfield code='a'>0</subfield><subfield code='q'>2017-06-20 10:43:49</subfield><subfield code='i'>ND497.G2 S45 2005</subfield><subfield code='d'>MAIN</subfield><subfield code='f'>MAIN</subfield></datafield></record>