
<record xmlns='http://www.loc.gov/MARC21/slim'><leader>03209ngm a22004094i 4500</leader><controlfield tag='006'>m     o  c        </controlfield><controlfield tag='007'>cr una---unuuu</controlfield><controlfield tag='007'>vz uzazuu</controlfield><controlfield tag='008'>170424p20172008cau150        o   vleng d</controlfield><controlfield tag='001'>991036899952803811</controlfield><datafield ind1='5' ind2='2' tag='028'><subfield code='a'>1374139</subfield><subfield code='b'>Kanopy</subfield></datafield><datafield ind1=' ' ind2=' ' tag='035'><subfield code='a'>(OCoLC)985054148</subfield></datafield><datafield ind1=' ' ind2=' ' tag='035'><subfield code='a'>(CaSfKAN)kan1374139</subfield></datafield><datafield ind1=' ' ind2=' ' tag='040'><subfield code='a'>VDU</subfield><subfield code='b'>eng</subfield><subfield code='e'>rda</subfield><subfield code='c'>VDU</subfield></datafield><datafield ind1='0' ind2='0' tag='245'><subfield code='a'>Sense and Sensibility</subfield></datafield><datafield ind1=' ' ind2='1' tag='264'><subfield code='b'>BBC,</subfield><subfield code='c'>2008.</subfield></datafield><datafield ind1=' ' ind2='1' tag='264'><subfield code='a'>[San Francisco, California, USA] :</subfield><subfield code='b'>Kanopy Streaming,</subfield><subfield code='c'>2017.</subfield></datafield><datafield ind1=' ' ind2=' ' tag='300'><subfield code='a'>1 online resource (streaming video file) (150 minutes):</subfield><subfield code='b'>digital, .flv file, sound</subfield></datafield><datafield ind1=' ' ind2=' ' tag='306'><subfield code='a'>023000</subfield></datafield><datafield ind1=' ' ind2=' ' tag='336'><subfield code='a'>two-dimensional moving image</subfield><subfield code='b'>tdi</subfield><subfield code='2'>rdacontent</subfield></datafield><datafield ind1=' ' ind2=' ' tag='337'><subfield code='a'>video</subfield><subfield code='b'>v</subfield><subfield code='2'>rdamedia</subfield></datafield><datafield ind1=' ' ind2=' ' tag='337'><subfield code='a'>computer</subfield><subfield code='b'>c</subfield><subfield code='2'>rdamedia</subfield></datafield><datafield ind1=' ' ind2=' ' tag='338'><subfield code='a'>online resource</subfield><subfield code='b'>cr</subfield><subfield code='2'>rdacarrier</subfield></datafield><datafield ind1=' ' ind2=' ' tag='500'><subfield code='a'>Title from title frames.</subfield></datafield><datafield ind1=' ' ind2=' ' tag='500'><subfield code='a'>In Process Record.</subfield></datafield><datafield ind1=' ' ind2=' ' tag='500'><subfield code='a'>collection</subfield></datafield><datafield ind1=' ' ind2=' ' tag='518'><subfield code='a'>Originally produced by BBC in 2008.</subfield></datafield><datafield ind1=' ' ind2=' ' tag='520'><subfield code='a'>**From acclaimed writer Andrew Davies comes this.enchanting adaptation of Jane Austen’s classic.novel about love and marriage.**..Left penniless after their father’s death, Elinor and.Marianne Dashwood face an uncertain future. They.need to marry well if they are to retain their comfortable.existence...With a number of possible suitors – the intelligent.and charming Mr Edward Ferrars, the handsome.Mr John Willoughby and the more thoughtful and.compassionate Colonel Brandon – they seem to have.their share of options. But is there more to these men.than first impressions suggest? What is the history.between Willoughby and Brandon? And what secret is.Ferrars hiding?..The story follows the sisters’ very different approaches.to love and marriage. Romantic and impulsive, Marianne.falls in love deeply, but will not heed her sister’s.warning that her behaviour will leave her open to.gossip and innuendo. Sensitive to social convention,.her sister Elinor tries to conceal her own romantic.disappointment, even from those closest to her. The.sisters must learn that sense should mix with sensibility.if they are to find personal happiness in a society where.status and money govern the rules of love...Andrew Davies has proven himself to be the master of.literary adaptation, from classics, such as Bleak House,.to the politics and drug-fuelled sex and hedonism of.the 1980s in The Line of Beauty. An excellent script.combined with an outstanding cast means that Austen.fans will be waiting in anticipation for this adaptation. ..&quot;Andrew Davies’s superb new.adaptation of Jane Austen’s.novel is so watchable, above.and beyond the usual classic.adaptations. What makes.it exceptional, I think, is the.immense warmth between.the characters - particularly.the mother and her daughters - that compels the viewer to.care deeply what becomes of.them all.&quot;The Times</subfield></datafield><datafield ind1=' ' ind2=' ' tag='538'><subfield code='a'>Mode of access: World Wide Web.</subfield></datafield><datafield ind1=' ' ind2=' ' tag='546'><subfield code='a'>In English </subfield></datafield><datafield ind1=' ' ind2=' ' tag='590'><subfield code='a'>Access is available to the Temple Community through use of a networked computer with a Temple IP address.</subfield></datafield><datafield ind1=' ' ind2='0' tag='650'><subfield code='a'>Literature</subfield></datafield><datafield ind1=' ' ind2='0' tag='650'><subfield code='a'>Television programs</subfield></datafield><datafield ind1=' ' ind2='7' tag='655'><subfield code='a'>Television programs.</subfield><subfield code='2'>lcgft</subfield></datafield><datafield ind1=' ' ind2='0' tag='655'><subfield code='a'>Streaming video.</subfield></datafield><datafield ind1='2' ind2=' ' tag='710'><subfield code='a'>BBC (Firm),</subfield><subfield code='4'>dst</subfield></datafield><datafield ind1='2' ind2=' ' tag='710'><subfield code='a'>Kanopy (Firm),</subfield><subfield code='4'>dst</subfield></datafield><datafield ind1='4' ind2='0' tag='856'><subfield code='u'>http://temple.kanopy.com/node/374140</subfield><subfield code='z'>A Kanopy streaming video</subfield></datafield><datafield ind1='4' ind2='2' tag='856'><subfield code='z'>Cover Image</subfield><subfield code='u'>https://www.kanopy.com/node/374140/external-image</subfield></datafield><datafield ind1=' ' ind2=' ' tag='902'><subfield code='a'>Kanopy Streaming Video (Refresh) 20180424</subfield></datafield><datafield ind1=' ' ind2=' ' tag='979'><subfield code='a'>kan1374139</subfield></datafield><datafield ind1=' ' ind2=' ' tag='ADM'><subfield code='b'>2018-04-24 16:29:13</subfield><subfield code='e'>kan1374139</subfield><subfield code='d'>OTHER</subfield><subfield code='a'>2018-04-24 16:29:17</subfield><subfield code='c'>false</subfield></datafield><datafield ind1=' ' ind2=' ' tag='PRT'><subfield code='a'>53423577400003811</subfield><subfield code='b'>https://sandbox01-na.alma.exlibrisgroup.com/view/uresolver/01TULI_INST/openurl?u.ignore_date_coverage=true&amp;rft.mms_id=991036899952803811</subfield><subfield code='9'>Available</subfield><subfield code='c'>Kanopy Streaming Video - Request Access</subfield><subfield code='8'>53423577400003811</subfield></datafield></record>