
<record xmlns='http://www.loc.gov/MARC21/slim'><leader>03542cgm a2200769Ia 4500</leader><controlfield tag='005'>20170825172656.0</controlfield><controlfield tag='007'>vd cvaizk</controlfield><controlfield tag='008'>991013p19991995xxu136 e          vleng d</controlfield><controlfield tag='001'>991026281829703811</controlfield><datafield ind1=' ' ind2=' ' tag='020'><subfield code='a'>0800141660</subfield></datafield><datafield ind1=' ' ind2=' ' tag='020'><subfield code='a'>9780800141660</subfield></datafield><datafield ind1='1' ind2=' ' tag='024'><subfield code='a'>043396115996</subfield></datafield><datafield ind1='4' ind2='0' tag='028'><subfield code='a'>11599</subfield><subfield code='b'>Columbia TriStar Home Video</subfield></datafield><datafield ind1=' ' ind2=' ' tag='035'><subfield code='a'>(PPT)b33291962-01tuli_inst</subfield></datafield><datafield ind1=' ' ind2=' ' tag='035'><subfield code='a'>(OCoLC)ocn492334486</subfield><subfield code='9'>ExL</subfield></datafield><datafield ind1=' ' ind2=' ' tag='035'><subfield code='a'>(OCoLC)42629114</subfield></datafield><datafield ind1=' ' ind2=' ' tag='035'><subfield code='a'>ocm42629114</subfield></datafield><datafield ind1=' ' ind2=' ' tag='035'><subfield code='a'>(OCLC)ocm42629114</subfield></datafield><datafield ind1=' ' ind2=' ' tag='040'><subfield code='a'>TLM</subfield><subfield code='c'>TLM</subfield><subfield code='d'>IBI</subfield><subfield code='d'>ONU</subfield><subfield code='d'>OCLCQ</subfield><subfield code='d'>TEF</subfield><subfield code='d'>OCL</subfield><subfield code='d'>WCM</subfield><subfield code='d'>OMP</subfield><subfield code='d'>BTCTA</subfield><subfield code='d'>OCLCQ</subfield><subfield code='d'>PPT</subfield></datafield><datafield ind1='1' ind2=' ' tag='041'><subfield code='a'>eng</subfield><subfield code='a'>spa</subfield><subfield code='a'>por</subfield><subfield code='b'>eng</subfield><subfield code='b'>spa</subfield><subfield code='b'>por</subfield><subfield code='b'>chi</subfield><subfield code='b'>kor</subfield><subfield code='b'>tha</subfield><subfield code='h'>eng</subfield></datafield><datafield ind1=' ' ind2=' ' tag='043'><subfield code='a'>e-uk-en</subfield></datafield><datafield ind1=' ' ind2=' ' tag='079'><subfield code='a'>ocm42629114</subfield></datafield><datafield ind1=' ' ind2=' ' tag='090'><subfield code='a'>PN1997</subfield><subfield code='b'>.S36183x 1999</subfield></datafield><datafield ind1='0' ind2=' ' tag='130'><subfield code='a'>Sense and sensibility (Motion picture)</subfield></datafield><datafield ind1='1' ind2='0' tag='245'><subfield code='a'>Sense and sensibility</subfield><subfield code='h'>[videorecording] /</subfield><subfield code='c'>Columbia Pictures presents a Mirage production ; screenplay by Emma Thompson ; produced by Lindsay Doran ; directed by Ang Lee.</subfield></datafield><datafield ind1=' ' ind2=' ' tag='250'><subfield code='a'>Special ed.</subfield></datafield><datafield ind1=' ' ind2=' ' tag='260'><subfield code='a'>Culver City, Calif. :</subfield><subfield code='b'>Columbia TriStar Home Video,</subfield><subfield code='c'>[1999]</subfield></datafield><datafield ind1=' ' ind2=' ' tag='300'><subfield code='a'>1 videodisc (136 min.) :</subfield><subfield code='b'>sd., col. ;</subfield><subfield code='c'>4 3/4 in.</subfield></datafield><datafield ind1=' ' ind2=' ' tag='538'><subfield code='a'>DVD, 2-channel Dolby surround, 5.0 Dolby digital, widescreen presentation (1.85:1), dual-layer, region 1, NTSC.</subfield></datafield><datafield ind1=' ' ind2=' ' tag='546'><subfield code='a'>In English with optional soundtracks in Spanish or Portuguese; optional subtitles in English, Spanish, Portuguese, Chinese, Korean, or Thai; closed-captioned in English for the hearing impaired.</subfield></datafield><datafield ind1='1' ind2=' ' tag='511'><subfield code='a'>Emma Thompson, Alan Rickman, Kate Winslet, Hugh Grant.</subfield></datafield><datafield ind1=' ' ind2=' ' tag='508'><subfield code='a'>Director of photography, Michael Coulter; editor, Tim Squyres; music, Patrick Doyle; co-producers, James Schamus and Laurie Borg.</subfield></datafield><datafield ind1=' ' ind2=' ' tag='500'><subfield code='a'>Originally released as motion picture in 1995.</subfield></datafield><datafield ind1=' ' ind2=' ' tag='500'><subfield code='a'>Adapted from the novel: Sense and sensibility / by Jane Austen.</subfield></datafield><datafield ind1=' ' ind2=' ' tag='500'><subfield code='a'>Features include: scene access, Emma Thompson &amp; producer Lindsay Doran&apos;s audio commentary, director Ang Lee and co-producer James Schamus&apos; audio commentary, Emma Thompson&apos;s Golden Globe acceptance speech, deleted scenes, interactive menus, original theatrical trailer, bonus trailers, production notes.</subfield></datafield><datafield ind1='8' ind2=' ' tag='521'><subfield code='a'>MPAA rating: PG.</subfield></datafield><datafield ind1=' ' ind2=' ' tag='520'><subfield code='a'>Tells of the Dashwood sisters, sensible Elinor and passionate Marianne, whose chances at marriage seem doomed by their family&apos;s sudden loss of fortune.</subfield></datafield><datafield ind1='8' ind2=' ' tag='586'><subfield code='a'>Academy Award: Best screenplay; Golden Globe: Best picture, best screenplay.</subfield></datafield><datafield ind1=' ' ind2='0' tag='651'><subfield code='a'>England</subfield><subfield code='x'>Social life and customs</subfield><subfield code='y'>19th century</subfield><subfield code='v'>Drama.</subfield></datafield><datafield ind1=' ' ind2='0' tag='650'><subfield code='a'>Sisters</subfield><subfield code='z'>England</subfield><subfield code='v'>Drama.</subfield></datafield><datafield ind1=' ' ind2='0' tag='650'><subfield code='a'>Love</subfield><subfield code='v'>Drama.</subfield></datafield><datafield ind1=' ' ind2='0' tag='650'><subfield code='a'>Marriage</subfield><subfield code='z'>England</subfield><subfield code='v'>Drama.</subfield></datafield><datafield ind1=' ' ind2='7' tag='655'><subfield code='a'>Feature films.</subfield><subfield code='2'>lcgft</subfield></datafield><datafield ind1=' ' ind2='7' tag='655'><subfield code='a'>Video recordings for the hearing impaired.</subfield><subfield code='2'>lcgft</subfield></datafield><datafield ind1=' ' ind2='7' tag='655'><subfield code='a'>Film adaptations.</subfield><subfield code='2'>lcgft</subfield></datafield><datafield ind1='1' ind2=' ' tag='700'><subfield code='a'>Thompson, Emma.</subfield></datafield><datafield ind1='1' ind2=' ' tag='700'><subfield code='a'>Doran, Lindsay.</subfield></datafield><datafield ind1='1' ind2=' ' tag='700'><subfield code='a'>Lee, Ang,</subfield><subfield code='d'>1954-</subfield></datafield><datafield ind1='1' ind2=' ' tag='700'><subfield code='a'>Rickman, Alan.</subfield></datafield><datafield ind1='1' ind2=' ' tag='700'><subfield code='a'>Winslet, Kate.</subfield></datafield><datafield ind1='1' ind2=' ' tag='700'><subfield code='a'>Grant, Hugh.</subfield></datafield><datafield ind1='1' ind2=' ' tag='700'><subfield code='a'>Coulter, Michael.</subfield></datafield><datafield ind1='1' ind2=' ' tag='700'><subfield code='a'>Squyres, Tim.</subfield></datafield><datafield ind1='1' ind2=' ' tag='700'><subfield code='a'>Doyle, Patrick,</subfield><subfield code='d'>1953-</subfield></datafield><datafield ind1='1' ind2=' ' tag='700'><subfield code='a'>Schamus, James,</subfield><subfield code='d'>1959-</subfield></datafield><datafield ind1='1' ind2=' ' tag='700'><subfield code='a'>Borg, Laurie.</subfield></datafield><datafield ind1='1' ind2=' ' tag='700'><subfield code='a'>Austen, Jane,</subfield><subfield code='d'>1775-1817.</subfield><subfield code='t'>Sense and sensibility.</subfield></datafield><datafield ind1='2' ind2=' ' tag='710'><subfield code='a'>Columbia Pictures.</subfield></datafield><datafield ind1='2' ind2=' ' tag='710'><subfield code='a'>Mirage Enterprises (Firm)</subfield></datafield><datafield ind1='2' ind2=' ' tag='710'><subfield code='a'>Columbia TriStar Home Video (Firm)</subfield></datafield><datafield ind1=' ' ind2=' ' tag='902'><subfield code='a'>170309</subfield></datafield><datafield ind1=' ' ind2=' ' tag='907'><subfield code='a'>.b33291962</subfield><subfield code='b'>multi</subfield><subfield code='c'>g</subfield></datafield><datafield ind1=' ' ind2=' ' tag='945'><subfield code='l'>avid </subfield><subfield code='a'>DVD 11 A349</subfield><subfield code='g'>1</subfield></datafield><datafield ind1=' ' ind2=' ' tag='945'><subfield code='l'>pmed </subfield><subfield code='g'>1</subfield></datafield><datafield ind1=' ' ind2=' ' tag='979'><subfield code='a'>ocm42629114</subfield></datafield><datafield ind1=' ' ind2=' ' tag='998'><subfield code='b'>3</subfield><subfield code='c'>080222</subfield><subfield code='d'>m</subfield><subfield code='e'>g</subfield><subfield code='f'>g</subfield><subfield code='g'>0</subfield></datafield><datafield ind1=' ' ind2=' ' tag='998'><subfield code='a'>02/22/08</subfield><subfield code='s'>OCLC</subfield><subfield code='c'>DH </subfield></datafield><datafield ind1=' ' ind2=' ' tag='ADM'><subfield code='b'>2018-03-31 07:21:47</subfield><subfield code='e'>b33291962-01tuli_inst</subfield><subfield code='d'>ILS</subfield><subfield code='a'>2017-06-20 11:55:35</subfield><subfield code='c'>false</subfield></datafield><datafield ind1='0' ind2=' ' tag='HLD'><subfield code='b'>MEDIA</subfield><subfield code='c'>media</subfield><subfield code='h'>PN1997</subfield><subfield code='i'>.S36183x 1999</subfield><subfield code='8'>22314626360003811</subfield></datafield><datafield ind1='8' ind2=' ' tag='HLD'><subfield code='b'>AMBLER</subfield><subfield code='c'>media</subfield><subfield code='h'>DVD 11 A349</subfield><subfield code='8'>22314626380003811</subfield></datafield><datafield ind1=' ' ind2=' ' tag='ITM'><subfield code='r'>22314626380003811</subfield><subfield code='b'>1</subfield><subfield code='h'>8</subfield><subfield code='g'>media</subfield><subfield code='t'>DVD</subfield><subfield code='9'>39074027295716</subfield><subfield code='e'>media</subfield><subfield code='8'>23314626370003811</subfield><subfield code='a'>5</subfield><subfield code='q'>2017-06-20 11:55:35</subfield><subfield code='i'>DVD 11 A349</subfield><subfield code='d'>AMBLER</subfield><subfield code='f'>AMBLER</subfield></datafield><datafield ind1=' ' ind2=' ' tag='ITM'><subfield code='r'>22314626360003811</subfield><subfield code='b'>1</subfield><subfield code='h'>0</subfield><subfield code='g'>media</subfield><subfield code='t'>DVD</subfield><subfield code='9'>39074023661267</subfield><subfield code='e'>media</subfield><subfield code='8'>23314626350003811</subfield><subfield code='a'>5</subfield><subfield code='q'>2017-06-20 11:55:35</subfield><subfield code='i'>PN1997 .S36183x 1999</subfield><subfield code='d'>MEDIA</subfield><subfield code='f'>MEDIA</subfield></datafield></record>