
<record xmlns='http://www.loc.gov/MARC21/slim'><leader>03625cgm a2200721Ia 4500</leader><controlfield tag='005'>20180315183521.0</controlfield><controlfield tag='007'>vd cvaizq</controlfield><controlfield tag='008'>050105p20052000ii 150 g          vltam d</controlfield><controlfield tag='001'>991014376559703811</controlfield><datafield ind1='1' ind2=' ' tag='024'><subfield code='a'>738329039523</subfield></datafield><datafield ind1='4' ind2='2' tag='028'><subfield code='a'>K395</subfield><subfield code='b'>Kino on Video</subfield></datafield><datafield ind1=' ' ind2=' ' tag='035'><subfield code='a'>(PPT)b30607875-01tuli_inst</subfield></datafield><datafield ind1=' ' ind2=' ' tag='035'><subfield code='a'>ocn491805967</subfield><subfield code='9'>ExL</subfield></datafield><datafield ind1=' ' ind2=' ' tag='035'><subfield code='a'>PPTb30607875</subfield></datafield><datafield ind1=' ' ind2=' ' tag='035'><subfield code='a'>ocm57369793</subfield></datafield><datafield ind1=' ' ind2=' ' tag='035'><subfield code='a'>(OCLC)ocm57369793</subfield></datafield><datafield ind1=' ' ind2=' ' tag='040'><subfield code='a'>TEFMT</subfield><subfield code='c'>TEFMT</subfield><subfield code='d'>TEF</subfield><subfield code='d'>OCLCQ</subfield><subfield code='d'>MR0</subfield><subfield code='d'>VP@</subfield><subfield code='d'>RCS</subfield><subfield code='d'>OUN</subfield><subfield code='d'>PPT</subfield></datafield><datafield ind1='1' ind2=' ' tag='041'><subfield code='a'>tam</subfield><subfield code='b'>eng</subfield><subfield code='h'>tam</subfield></datafield><datafield ind1=' ' ind2=' ' tag='043'><subfield code='a'>a-ii---</subfield></datafield><datafield ind1=' ' ind2=' ' tag='079'><subfield code='a'>ocm57369793</subfield></datafield><datafield ind1=' ' ind2=' ' tag='090'><subfield code='a'>PN1997</subfield><subfield code='b'>.K364x 2005</subfield></datafield><datafield ind1='0' ind2='0' tag='245'><subfield code='a'>Kandukondain kandukondain</subfield><subfield code='h'>[videorecording] =</subfield><subfield code='b'>I have found it /</subfield><subfield code='c'>Kalaippuli S. Thanu &quot;V&quot; Creations presents a Kalyani Infotech production ; produduced by Kalaippuli S. Thanu ; written and directed by Rajiv Menon.</subfield></datafield><datafield ind1='3' ind2='1' tag='246'><subfield code='a'>I have found it.</subfield></datafield><datafield ind1=' ' ind2=' ' tag='260'><subfield code='a'>New York, NY :</subfield><subfield code='b'>Kino on Video,</subfield><subfield code='c'>2005.</subfield></datafield><datafield ind1=' ' ind2=' ' tag='300'><subfield code='a'>1 videodisc (ca. 150 min.) :</subfield><subfield code='b'>sd., col. ;</subfield><subfield code='c'>4 3/4 in.</subfield></datafield><datafield ind1='1' ind2=' ' tag='511'><subfield code='a'>Mammootty, Ajith, Tabu, Aishwarya Rai, Abbas, Manivannan, Srividya Raghuvaran, &quot;Nizhalgal&quot; Ravil Shamili.</subfield></datafield><datafield ind1=' ' ind2=' ' tag='508'><subfield code='a'>Cinematography, Ravi K. Chandran, Rajiv Menon ; art director, R.K. Nagu ; editor, Suresh Urs ; original music, A.R. Rahman ; production designer, Prabhakar M.</subfield></datafield><datafield ind1=' ' ind2=' ' tag='500'><subfield code='a'>DVD release of the 2000 motion picture.</subfield></datafield><datafield ind1=' ' ind2=' ' tag='500'><subfield code='a'>Based on the novel &quot;Sense and sensibility&quot; by Jane Austen.</subfield></datafield><datafield ind1=' ' ind2=' ' tag='500'><subfield code='a'>&quot;A Bollywood adaptation of Jane Austen&apos;s Sense and sensibility&quot;--Container.</subfield></datafield><datafield ind1=' ' ind2=' ' tag='500'><subfield code='a'>&quot;A giant leap forward for Southern Indian &quot;Kollywood&quot; movies--the Tamil-speaking cousin of Bollywood Hindi language film&quot;--Container.</subfield></datafield><datafield ind1=' ' ind2=' ' tag='500'><subfield code='a'>Special features: Trailer; CD promos; music video montages; song clips; filmographies.</subfield></datafield><datafield ind1=' ' ind2=' ' tag='538'><subfield code='a'>DVD ; Region 1 ; NTSC ; widescreen letterboxed (2.35:1) presentation ; Dolby Digital.</subfield></datafield><datafield ind1=' ' ind2=' ' tag='546'><subfield code='a'>In Tamil with optional English subtitles; credits transliterated from Tamil.</subfield></datafield><datafield ind1=' ' ind2=' ' tag='520'><subfield code='a'>Rich and pampered sisters Sowmya and Meenakshi want for nothing except the true love their hearts crave. While Sowmya grudginly places family responsibilities ahead of romance, Meenakshi yearns for a white knight. Manohar, an aspiring filmmaker, falls for Sowmya but will wed her only after directing his first film. Commando Major Bala woos Meenakshi despite physical and emotional war wounds and competition from Srikanth. But with the patriarch&apos;s health ebbing, the romantic storm Meenakshi and Sowmya wished for may soon be eclipsed by the harsh realities of modern life.</subfield></datafield><datafield ind1='1' ind2='0' tag='600'><subfield code='a'>Austen, Jane,</subfield><subfield code='d'>1775-1817</subfield><subfield code='v'>Film adaptations.</subfield></datafield><datafield ind1=' ' ind2='0' tag='650'><subfield code='a'>Sisters</subfield><subfield code='z'>India, South</subfield><subfield code='v'>Drama.</subfield></datafield><datafield ind1=' ' ind2='0' tag='650'><subfield code='a'>Courtship</subfield><subfield code='z'>India, South</subfield><subfield code='v'>Drama.</subfield></datafield><datafield ind1=' ' ind2='0' tag='650'><subfield code='a'>Love</subfield><subfield code='z'>India</subfield><subfield code='v'>Drama.</subfield></datafield><datafield ind1=' ' ind2='0' tag='655'><subfield code='a'>Feature films</subfield><subfield code='z'>India.</subfield></datafield><datafield ind1=' ' ind2='7' tag='655'><subfield code='a'>Foreign films.</subfield><subfield code='2'>lcgft</subfield></datafield><datafield ind1=' ' ind2='7' tag='655'><subfield code='a'>Musical films.</subfield><subfield code='2'>lcgft</subfield></datafield><datafield ind1=' ' ind2='7' tag='655'><subfield code='a'>Film adaptations.</subfield><subfield code='2'>lcgft</subfield></datafield><datafield ind1=' ' ind2='7' tag='655'><subfield code='a'>Feature films.</subfield><subfield code='2'>lcgft</subfield></datafield><datafield ind1=' ' ind2='7' tag='655'><subfield code='a'>Foreign language films</subfield><subfield code='x'>Tamil.</subfield><subfield code='2'>local</subfield></datafield><datafield ind1='1' ind2=' ' tag='700'><subfield code='a'>Menon, Rajiv.</subfield></datafield><datafield ind1='1' ind2=' ' tag='700'><subfield code='a'>Thanu, Kalaippuli S.</subfield></datafield><datafield ind1='1' ind2=' ' tag='700'><subfield code='a'>Bachchan, Aishwariya Rai.</subfield></datafield><datafield ind1='0' ind2=' ' tag='700'><subfield code='a'>Mammootty,</subfield><subfield code='d'>1953-</subfield></datafield><datafield ind1='0' ind2=' ' tag='700'><subfield code='a'>Tabu,</subfield><subfield code='d'>1973-</subfield></datafield><datafield ind1='0' ind2=' ' tag='700'><subfield code='a'>Ajittȧ.</subfield></datafield><datafield ind1='0' ind2=' ' tag='700'><subfield code='a'>Abbas.</subfield></datafield><datafield ind1='1' ind2=' ' tag='700'><subfield code='a'>Chandran, Ravi K.</subfield></datafield><datafield ind1='1' ind2=' ' tag='700'><subfield code='a'>Rahman, A. R.</subfield></datafield><datafield ind1='1' ind2=' ' tag='700'><subfield code='a'>Austen, Jane,</subfield><subfield code='d'>1775-1817.</subfield><subfield code='t'>Sense and sensibility.</subfield></datafield><datafield ind1='2' ind2=' ' tag='710'><subfield code='a'>Kalaippuli S. Thanu &quot;V&quot; Creations.</subfield></datafield><datafield ind1='2' ind2=' ' tag='710'><subfield code='a'>Kalyani Infotech Productions.</subfield></datafield><datafield ind1='2' ind2=' ' tag='710'><subfield code='a'>Kino International Corporation.</subfield></datafield><datafield ind1=' ' ind2=' ' tag='907'><subfield code='a'>.b30607875</subfield><subfield code='b'>pmed </subfield><subfield code='c'>g</subfield></datafield><datafield ind1=' ' ind2=' ' tag='945'><subfield code='l'>pmed </subfield><subfield code='g'>1</subfield></datafield><datafield ind1=' ' ind2=' ' tag='979'><subfield code='a'>ocm57369793</subfield></datafield><datafield ind1=' ' ind2=' ' tag='998'><subfield code='b'>0</subfield><subfield code='c'>070322</subfield><subfield code='d'>m</subfield><subfield code='e'>g</subfield><subfield code='f'>g</subfield><subfield code='g'>0</subfield></datafield><datafield ind1=' ' ind2=' ' tag='998'><subfield code='a'>03/22/07</subfield><subfield code='s'>RLIN</subfield><subfield code='c'>DH</subfield></datafield><datafield ind1=' ' ind2=' ' tag='ADM'><subfield code='b'>2018-07-08 07:48:20</subfield><subfield code='e'>b30607875-01tuli_inst</subfield><subfield code='d'>ILS</subfield><subfield code='a'>2017-06-20 07:01:33</subfield><subfield code='c'>false</subfield></datafield><datafield ind1='0' ind2=' ' tag='HLD'><subfield code='b'>MEDIA</subfield><subfield code='c'>media</subfield><subfield code='h'>PN1997</subfield><subfield code='i'>.K364x 2005</subfield><subfield code='8'>22259326910003811</subfield></datafield><datafield ind1=' ' ind2=' ' tag='ITM'><subfield code='r'>22259326910003811</subfield><subfield code='b'>1</subfield><subfield code='h'>0</subfield><subfield code='g'>media</subfield><subfield code='t'>DVD</subfield><subfield code='9'>39074022491872</subfield><subfield code='e'>media</subfield><subfield code='8'>23259326880003811</subfield><subfield code='a'>5</subfield><subfield code='q'>2017-06-20 07:01:33</subfield><subfield code='i'>PN1997 .K364x 2005</subfield><subfield code='d'>MEDIA</subfield><subfield code='f'>MEDIA</subfield></datafield></record>