
<record xmlns='http://www.loc.gov/MARC21/slim'><leader>03798pam a2200529 i 4500</leader><controlfield tag='005'>20170826003035.0</controlfield><controlfield tag='008'>150817t20162016caua     b    001 0 eng c</controlfield><controlfield tag='001'>991022272179703811</controlfield><datafield ind1=' ' ind2=' ' tag='010'><subfield code='a'>2015032077</subfield></datafield><datafield ind1=' ' ind2=' ' tag='020'><subfield code='a'>9780520285194</subfield><subfield code='q'>(cloth ;</subfield><subfield code='q'>alk. paper)</subfield></datafield><datafield ind1=' ' ind2=' ' tag='020'><subfield code='a'>0520285190</subfield><subfield code='q'>(cloth ;</subfield><subfield code='q'>alk. paper)</subfield></datafield><datafield ind1=' ' ind2=' ' tag='020'><subfield code='a'>9780520285200</subfield><subfield code='q'>(pbk. ;</subfield><subfield code='q'>alk. paper)</subfield></datafield><datafield ind1=' ' ind2=' ' tag='020'><subfield code='a'>0520285204</subfield><subfield code='q'>(pbk. ;</subfield><subfield code='q'>alk. paper)</subfield></datafield><datafield ind1=' ' ind2=' ' tag='020'><subfield code='z'>9780520960756</subfield><subfield code='q'>(ebook)</subfield></datafield><datafield ind1=' ' ind2=' ' tag='020'><subfield code='z'>0520960750</subfield><subfield code='q'>(ebook)</subfield></datafield><datafield ind1=' ' ind2=' ' tag='035'><subfield code='a'>(PPT)b61307567-01tuli_inst</subfield></datafield><datafield ind1=' ' ind2=' ' tag='035'><subfield code='a'>(OCoLC)919452244</subfield></datafield><datafield ind1=' ' ind2=' ' tag='035'><subfield code='a'>ocn919452244</subfield></datafield><datafield ind1=' ' ind2=' ' tag='035'><subfield code='a'>(OCLC)ocn919452244</subfield></datafield><datafield ind1=' ' ind2=' ' tag='040'><subfield code='a'>CU-S/DLC</subfield><subfield code='b'>eng</subfield><subfield code='e'>rda</subfield><subfield code='c'>CUS</subfield><subfield code='d'>DLC</subfield><subfield code='d'>OCLCO</subfield><subfield code='d'>BDX</subfield><subfield code='d'>BTCTA</subfield><subfield code='d'>YDXCP</subfield><subfield code='d'>OCLCF</subfield><subfield code='d'>OCLCQ</subfield><subfield code='d'>CDX</subfield></datafield><datafield ind1=' ' ind2=' ' tag='042'><subfield code='a'>pcc</subfield></datafield><datafield ind1=' ' ind2=' ' tag='079'><subfield code='a'>ocn919452244</subfield></datafield><datafield ind1=' ' ind2=' ' tag='090'><subfield code='a'>GF50</subfield><subfield code='b'>.M38 2016</subfield></datafield><datafield ind1='1' ind2=' ' tag='100'><subfield code='a'>McGinnis, Michael Vincent,</subfield><subfield code='d'>1962-</subfield><subfield code='e'>author.</subfield></datafield><datafield ind1='1' ind2='0' tag='245'><subfield code='a'>Science and sensibility :</subfield><subfield code='b'>negotiating an ecology of place /</subfield><subfield code='c'>Michael Vincent McGinnis.</subfield></datafield><datafield ind1=' ' ind2='1' tag='264'><subfield code='a'>Oakland, California :</subfield><subfield code='b'>University of California Press,</subfield><subfield code='c'>[2016]</subfield></datafield><datafield ind1=' ' ind2='4' tag='264'><subfield code='c'>©2016</subfield></datafield><datafield ind1=' ' ind2=' ' tag='300'><subfield code='a'>xi, 244 pages :</subfield><subfield code='b'>illustrations ;</subfield><subfield code='c'>24 cm</subfield></datafield><datafield ind1=' ' ind2=' ' tag='336'><subfield code='a'>text</subfield><subfield code='b'>txt</subfield><subfield code='2'>rdacontent</subfield></datafield><datafield ind1=' ' ind2=' ' tag='337'><subfield code='a'>unmediated</subfield><subfield code='b'>n</subfield><subfield code='2'>rdamedia</subfield></datafield><datafield ind1=' ' ind2=' ' tag='338'><subfield code='a'>volume</subfield><subfield code='b'>nc</subfield><subfield code='2'>rdacarrier</subfield></datafield><datafield ind1=' ' ind2=' ' tag='504'><subfield code='a'>Includes bibliographical references (pages 211-228) and index.</subfield></datafield><datafield ind1='0' ind2=' ' tag='505'><subfield code='a'>Preface: conversations with sea and stone -- Negotiating ecology in an age of climate change -- Household words: cultivating an ecological sensibility -- Re-inhabitation: watershed-based activism in Alta California -- A river between two worlds: watersheds and wastesheds in Aotearoa (New Zealand) -- Organic machines and the end of offshore oil -- The politics of civic science: marine life protection in California -- Unveiling the green veneer: the challenge of place-based ocean governance in New Zealand -- Toward a blue economy: songs of migration and the leviathan of global trade by sea -- A message from a Canoe -- Restoring place in the theater of the anthropocene.</subfield></datafield><datafield ind1=' ' ind2=' ' tag='520'><subfield code='a'>&quot;If humans are to understand and discover ways of addressing complex social and ecological problems, we first need to find intimacy with our particular places and communities. Cultivating a relationship to place often includes a negotiating process that involves both science and sensibility. While science is one key part of an adaptive and resilient society, the cultivation of a renewed sense of place and community is essential as well. Science and Sensibility argues for the need for ecology to engage with philosophical values and economic motivations in a political process of negotiation, with the goal of shaping humans&apos; treatment of the natural world. Michael McGinnis aims to reframe ecology so it might have greater &quot;trans-scientific&quot; awareness of the roles and interactions among multiple stakeholders in socioecological systems, and he also maintains that deep ecological knowledge of specific places will be crucial to supporting a sustainable society. He uses numerous specific case studies from watershed, coastal, and marine habitats to illustrate how place-based ecological negotiation can occur, and how reframing our negotiation process can influence conservation, restoration, and environmental policy in effective ways.&quot;--</subfield><subfield code='c'>Provided by publisher.</subfield></datafield><datafield ind1=' ' ind2='0' tag='650'><subfield code='a'>Human ecology.</subfield></datafield><datafield ind1=' ' ind2='0' tag='650'><subfield code='a'>Human ecology</subfield><subfield code='v'>Case studies.</subfield></datafield><datafield ind1=' ' ind2='0' tag='650'><subfield code='a'>Environmental protection</subfield><subfield code='x'>Social aspects.</subfield></datafield><datafield ind1=' ' ind2='7' tag='650'><subfield code='a'>Environmental protection</subfield><subfield code='x'>Social aspects.</subfield><subfield code='2'>fast</subfield><subfield code='0'>(OCoLC)fst00913402</subfield></datafield><datafield ind1=' ' ind2='7' tag='650'><subfield code='a'>Human ecology.</subfield><subfield code='2'>fast</subfield><subfield code='0'>(OCoLC)fst00962941</subfield></datafield><datafield ind1=' ' ind2='7' tag='655'><subfield code='a'>Case studies.</subfield><subfield code='2'>fast</subfield><subfield code='0'>(OCoLC)fst01423765</subfield></datafield><datafield ind1=' ' ind2=' ' tag='902'><subfield code='a'>160610</subfield></datafield><datafield ind1=' ' ind2=' ' tag='907'><subfield code='a'>.b61307567</subfield><subfield code='b'>multi</subfield><subfield code='c'>-</subfield></datafield><datafield ind1=' ' ind2=' ' tag='945'><subfield code='l'>astk </subfield><subfield code='g'>1</subfield></datafield><datafield ind1=' ' ind2=' ' tag='945'><subfield code='l'>pstk </subfield><subfield code='g'>1</subfield></datafield><datafield ind1=' ' ind2=' ' tag='979'><subfield code='a'>ocn919452244</subfield></datafield><datafield ind1=' ' ind2=' ' tag='998'><subfield code='b'>2</subfield><subfield code='c'>160519</subfield><subfield code='d'>m</subfield><subfield code='e'>a</subfield><subfield code='f'>-</subfield><subfield code='g'>0</subfield></datafield><datafield ind1=' ' ind2=' ' tag='998'><subfield code='b'>2</subfield><subfield code='c'>160519</subfield><subfield code='d'>m</subfield><subfield code='e'>a</subfield><subfield code='f'>-</subfield><subfield code='g'>0</subfield></datafield><datafield ind1=' ' ind2=' ' tag='ADM'><subfield code='b'>2018-06-19 04:58:51</subfield><subfield code='e'>b61307567-01tuli_inst</subfield><subfield code='d'>ILS</subfield><subfield code='a'>2017-06-20 06:07:26</subfield><subfield code='c'>false</subfield></datafield><datafield ind1='0' ind2=' ' tag='HLD'><subfield code='b'>AMBLER</subfield><subfield code='c'>stacks</subfield><subfield code='h'>GF50</subfield><subfield code='i'>.M38 2016</subfield><subfield code='8'>22241887120003811</subfield></datafield><datafield ind1='0' ind2=' ' tag='HLD'><subfield code='b'>MAIN</subfield><subfield code='c'>stacks</subfield><subfield code='h'>GF50</subfield><subfield code='i'>.M38 2016</subfield><subfield code='8'>22241887100003811</subfield></datafield><datafield ind1=' ' ind2=' ' tag='ITM'><subfield code='r'>22241887100003811</subfield><subfield code='b'>1</subfield><subfield code='h'>0</subfield><subfield code='g'>stacks</subfield><subfield code='t'>BOOK</subfield><subfield code='9'>39074030101430</subfield><subfield code='e'>stacks</subfield><subfield code='8'>23241887090003811</subfield><subfield code='a'>0</subfield><subfield code='q'>2017-06-20 06:07:26</subfield><subfield code='i'>GF50 .M38 2016</subfield><subfield code='d'>MAIN</subfield><subfield code='f'>MAIN</subfield></datafield><datafield ind1=' ' ind2=' ' tag='ITM'><subfield code='r'>22241887120003811</subfield><subfield code='b'>1</subfield><subfield code='h'>0</subfield><subfield code='g'>stacks</subfield><subfield code='t'>BOOK</subfield><subfield code='9'>39074030107049</subfield><subfield code='e'>stacks</subfield><subfield code='8'>23241887110003811</subfield><subfield code='a'>0</subfield><subfield code='q'>2017-06-20 06:07:26</subfield><subfield code='i'>GF50 .M38 2016</subfield><subfield code='d'>AMBLER</subfield><subfield code='f'>AMBLER</subfield></datafield></record>