
<record xmlns='http://www.loc.gov/MARC21/slim'><leader>03948ngm a2200637Ic 4500</leader><controlfield tag='005'>20180326185426.0</controlfield><controlfield tag='006'>m|||||o||c||||||||</controlfield><controlfield tag='007'>vz|czazuu</controlfield><controlfield tag='007'>cr|cna</controlfield><controlfield tag='008'>180126p20172008nyu052||||||||o|||v|eng|d</controlfield><controlfield tag='001'>991036865869503811</controlfield><datafield ind1='4' ind2='0' tag='028'><subfield code='a'>128958</subfield><subfield code='b'>Infobase</subfield></datafield><datafield ind1='4' ind2='0' tag='028'><subfield code='a'>[128955]s</subfield><subfield code='b'>Infobase</subfield></datafield><datafield ind1=' ' ind2=' ' tag='035'><subfield code='a'>1000128958</subfield></datafield><datafield ind1=' ' ind2=' ' tag='035'><subfield code='a'>(FOD)1000128958</subfield></datafield><datafield ind1=' ' ind2=' ' tag='040'><subfield code='a'>AzPhAEM</subfield><subfield code='b'>eng</subfield><subfield code='e'>rda</subfield></datafield><datafield ind1='0' ind2=' ' tag='041'><subfield code='a'>eng</subfield><subfield code='h'>eng</subfield></datafield><datafield ind1=' ' ind2=' ' tag='046'><subfield code='k'>2008</subfield></datafield><datafield ind1='0' ind2='4' tag='245'><subfield code='a'>Sense And Sensibility: Episode 3 :</subfield><subfield code='c'>BBC (Firm).</subfield></datafield><datafield ind1=' ' ind2='1' tag='264'><subfield code='a'>[Place of publication not identified] : </subfield><subfield code='b'>BBC (Firm), </subfield><subfield code='c'>[2008]</subfield></datafield><datafield ind1='3' ind2='2' tag='264'><subfield code='a'>New York, N.Y. :</subfield><subfield code='b'>Distributed by Infobase, </subfield><subfield code='c'>2017.</subfield></datafield><datafield ind1=' ' ind2='4' tag='264'><subfield code='c'>©2008</subfield></datafield><datafield ind1=' ' ind2=' ' tag='300'><subfield code='a'>1 online resource (1 video file (52 min., 31 sec)) :</subfield><subfield code='b'>sound, color.</subfield></datafield><datafield ind1=' ' ind2=' ' tag='336'><subfield code='a'>two-dimensional moving image</subfield><subfield code='b'>tdi</subfield><subfield code='2'>rdacontent</subfield></datafield><datafield ind1=' ' ind2=' ' tag='337'><subfield code='a'>computer</subfield><subfield code='b'>c</subfield><subfield code='2'>rdamedia</subfield></datafield><datafield ind1=' ' ind2=' ' tag='338'><subfield code='a'>online resource</subfield><subfield code='b'>cr</subfield><subfield code='2'>rdacarrier</subfield></datafield><datafield ind1=' ' ind2=' ' tag='347'><subfield code='a'>video file</subfield><subfield code='2'>rda</subfield></datafield><datafield ind1='1' ind2=' ' tag='490'><subfield code='a'>Sense And Sensibility</subfield></datafield><datafield ind1=' ' ind2=' ' tag='500'><subfield code='a'>Originally released by BBC (Firm), 2008.</subfield></datafield><datafield ind1=' ' ind2=' ' tag='500'><subfield code='a'>Streaming video file encoded with permission for digital streaming by Infobase on January 17, 2017.</subfield></datafield><datafield ind1='0' ind2='0' tag='505'><subfield code='t'>&quot;Sense and Sensibility&quot;: Consequences (3:15); </subfield><subfield code='t'>&quot;Sense and Sensibility&quot;: Willoughby&apos;s Betrayal (5:41); </subfield><subfield code='t'>&quot;Sense and Sensibility&quot;: Berkeley Square (5:09); </subfield><subfield code='t'>&quot;Sense and Sensibility&quot;: Uncomfortable Meetings (6:21); </subfield><subfield code='t'>&quot;Sense and Sensibility&quot;: Elinor&apos;s Good Opinion (4:24); </subfield><subfield code='t'>&quot;Sense and Sensibility&quot;: Cleveland (4:35); </subfield><subfield code='t'>&quot;Sense and Sensibility&quot;: Marianne&apos;s Illness (4:11); </subfield><subfield code='t'>&quot;Sense and Sensibility&quot;: Marianne&apos;s Recovery (3:47); </subfield><subfield code='t'>&quot;Sense and Sensibility&quot;: Marianne Matures  (5:12); </subfield><subfield code='t'>&quot;Sense and Sensibility&quot;: Marianne&apos;s Betrothed (3:57); </subfield><subfield code='t'>&quot;Sense and Sensibility&quot;: Elinor&apos;s Betrothed  (4:17); </subfield><subfield code='t'>Credits: Sense And Sensibility: Episode 3 (0:35); </subfield></datafield><datafield ind1='1' ind2=' ' tag='506'><subfield code='a'>Access requires authentication through Films On Demand.</subfield></datafield><datafield ind1=' ' ind2=' ' tag='520'><subfield code='a'>Marianne learns the full extent of Willoughby’s betrayal and wrongdoing from Brandon, who reveals that Willoughby was disinherited by his aunt after getting a young girl (Brandon’s own ward) pregnant. Willoughby then ran off to London to – successfully - find himself a rich heiress to marry. The shock of this news is severe for Marianne and her health begins to deteriorate. When Elinor learns that Edward intends to honor his engagement to Lucy Steele, even though this means being disinherited by his mother, she and Marianne decide to leave London. They are both heartbroken. They stay with Mrs. Jennings’s daughter, CHARLOTTE PALMER, in Cleveland where Marianne falls gravely ill. Brandon helps Elinor to nurse Marianne back to health and they finally return, with great relief, to their mother’s home in Devonshire. With Willoughby and Edward both seemingly gone, all looks lost for the Dashwood girls, until a surprising turn of events....</subfield></datafield><datafield ind1='2' ind2=' ' tag='521'><subfield code='a'>9 - 12, Academic/AP</subfield></datafield><datafield ind1=' ' ind2=' ' tag='538'><subfield code='a'>Streaming video file.</subfield></datafield><datafield ind1=' ' ind2=' ' tag='538'><subfield code='a'>System requirements: Films On Demand platform.</subfield></datafield><datafield ind1=' ' ind2=' ' tag='546'><subfield code='a'>Closed-captioned.</subfield></datafield><datafield ind1=' ' ind2=' ' tag='588'><subfield code='a'>Title from distributor&apos;s description</subfield></datafield><datafield ind1=' ' ind2=' ' tag='590'><subfield code='a'>Access is available to the Temple Community through use of a networked computer with a Temple IP address.</subfield></datafield><datafield ind1=' ' ind2='0' tag='650'><subfield code='a'>Irish literature.</subfield></datafield><datafield ind1=' ' ind2='0' tag='650'><subfield code='a'>Language arts.</subfield></datafield><datafield ind1=' ' ind2='0' tag='650'><subfield code='a'>British literature.</subfield></datafield><datafield ind1=' ' ind2='0' tag='650'><subfield code='a'>Irish literature--Appreciation.</subfield></datafield><datafield ind1=' ' ind2='0' tag='650'><subfield code='a'>Theater.</subfield></datafield><datafield ind1=' ' ind2='0' tag='650'><subfield code='a'>Drama.</subfield></datafield><datafield ind1=' ' ind2='0' tag='650'><subfield code='a'>British literature--Appreciation.</subfield></datafield><datafield ind1=' ' ind2='0' tag='650'><subfield code='a'>Drama--19th century.</subfield></datafield><datafield ind1='0' ind2='7' tag='655'><subfield code='a'>Internet videos.</subfield><subfield code='2'>lcgft</subfield></datafield><datafield ind1=' ' ind2='0' tag='655'><subfield code='a'>Streaming video.</subfield></datafield><datafield ind1='2' ind2=' ' tag='710'><subfield code='a'>Infobase,</subfield><subfield code='e'>film distributor.</subfield></datafield><datafield ind1='2' ind2=' ' tag='710'><subfield code='a'>BBC (Firm)</subfield></datafield><datafield ind1='0' ind2=' ' tag='730'><subfield code='a'>Sense And Sensibility: Episode 3</subfield></datafield><datafield ind1=' ' ind2='0' tag='830'><subfield code='a'>Sense And Sensibility.</subfield></datafield><datafield ind1='4' ind2='0' tag='856'><subfield code='z'>Part of the Films On Demand collection.</subfield><subfield code='u'>http://libproxy.temple.edu/login?url=http://fod.infobase.com/PortalPlaylists.aspx?wID=103640&amp;xtid=128958</subfield></datafield><datafield ind1=' ' ind2=' ' tag='902'><subfield code='a'>Films on Demand 20180126</subfield></datafield><datafield ind1=' ' ind2=' ' tag='979'><subfield code='a'>1000128958</subfield></datafield><datafield ind1=' ' ind2=' ' tag='ADM'><subfield code='b'>2018-06-21 07:12:19</subfield><subfield code='e'>1000128958</subfield><subfield code='d'>OTHER</subfield><subfield code='f'>20181261122100.0</subfield><subfield code='a'>2018-01-26 21:19:15</subfield><subfield code='c'>false</subfield></datafield><datafield ind1=' ' ind2=' ' tag='PRT'><subfield code='a'>53409428090003811</subfield><subfield code='b'>https://sandbox01-na.alma.exlibrisgroup.com/view/uresolver/01TULI_INST/openurl?u.ignore_date_coverage=true&amp;rft.mms_id=991036865869503811</subfield><subfield code='9'>Available</subfield><subfield code='c'>Films on Demand Streaming Video</subfield><subfield code='8'>53409428090003811</subfield></datafield></record>