
<record xmlns='http://www.loc.gov/MARC21/slim'><leader>04035ngm a2200637Ic 4500</leader><controlfield tag='005'>20180326185426.0</controlfield><controlfield tag='006'>m|||||o||c||||||||</controlfield><controlfield tag='007'>vz|czazuu</controlfield><controlfield tag='007'>cr|cna</controlfield><controlfield tag='008'>180126p20172008nyu052||||||||o|||v|eng|d</controlfield><controlfield tag='001'>991036865869903811</controlfield><datafield ind1='4' ind2='0' tag='028'><subfield code='a'>128956</subfield><subfield code='b'>Infobase</subfield></datafield><datafield ind1='4' ind2='0' tag='028'><subfield code='a'>[128955]s</subfield><subfield code='b'>Infobase</subfield></datafield><datafield ind1=' ' ind2=' ' tag='035'><subfield code='a'>1000128956</subfield></datafield><datafield ind1=' ' ind2=' ' tag='035'><subfield code='a'>(FOD)1000128956</subfield></datafield><datafield ind1=' ' ind2=' ' tag='040'><subfield code='a'>AzPhAEM</subfield><subfield code='b'>eng</subfield><subfield code='e'>rda</subfield></datafield><datafield ind1='0' ind2=' ' tag='041'><subfield code='a'>eng</subfield><subfield code='h'>eng</subfield></datafield><datafield ind1=' ' ind2=' ' tag='046'><subfield code='k'>2008</subfield></datafield><datafield ind1='0' ind2='4' tag='245'><subfield code='a'>Sense And Sensibility: Episode 1 :</subfield><subfield code='c'>BBC (Firm).</subfield></datafield><datafield ind1=' ' ind2='1' tag='264'><subfield code='a'>[Place of publication not identified] : </subfield><subfield code='b'>BBC (Firm), </subfield><subfield code='c'>[2008]</subfield></datafield><datafield ind1='3' ind2='2' tag='264'><subfield code='a'>New York, N.Y. :</subfield><subfield code='b'>Distributed by Infobase, </subfield><subfield code='c'>2017.</subfield></datafield><datafield ind1=' ' ind2='4' tag='264'><subfield code='c'>©2008</subfield></datafield><datafield ind1=' ' ind2=' ' tag='300'><subfield code='a'>1 online resource (1 video file (52 min., 6 sec)) :</subfield><subfield code='b'>sound, color.</subfield></datafield><datafield ind1=' ' ind2=' ' tag='336'><subfield code='a'>two-dimensional moving image</subfield><subfield code='b'>tdi</subfield><subfield code='2'>rdacontent</subfield></datafield><datafield ind1=' ' ind2=' ' tag='337'><subfield code='a'>computer</subfield><subfield code='b'>c</subfield><subfield code='2'>rdamedia</subfield></datafield><datafield ind1=' ' ind2=' ' tag='338'><subfield code='a'>online resource</subfield><subfield code='b'>cr</subfield><subfield code='2'>rdacarrier</subfield></datafield><datafield ind1=' ' ind2=' ' tag='347'><subfield code='a'>video file</subfield><subfield code='2'>rda</subfield></datafield><datafield ind1='1' ind2=' ' tag='490'><subfield code='a'>Sense And Sensibility</subfield></datafield><datafield ind1=' ' ind2=' ' tag='500'><subfield code='a'>Originally released by BBC (Firm), 2008.</subfield></datafield><datafield ind1=' ' ind2=' ' tag='500'><subfield code='a'>Streaming video file encoded with permission for digital streaming by Infobase on January 17, 2017.</subfield></datafield><datafield ind1='0' ind2='0' tag='505'><subfield code='t'>&quot;Sense and Sensibility&quot;: Mr. Dashwood&apos;s Death (4:46); </subfield><subfield code='t'>&quot;Sense and Sensibility&quot;: General Concern for Welfare? (4:30); </subfield><subfield code='t'>&quot;Sense and Sensibility&quot;: Edward Ferrars (5:15); </subfield><subfield code='t'>&quot;Sense and Sensibility&quot;: Fanny&apos;s Plans (4:18); </subfield><subfield code='t'>&quot;Sense and Sensibility&quot;: New Attachments (3:13); </subfield><subfield code='t'>&quot;Sense and Sensibility&quot;: Leaving Norland Park (3:56); </subfield><subfield code='t'>&quot;Sense and Sensibility&quot;: Devonshire (5:29); </subfield><subfield code='t'>&quot;Sense and Sensibility&quot;: Barton Park (4:48); </subfield><subfield code='t'>&quot;Sense and Sensibility&quot;: Brandon&apos;s Interest (4:18); </subfield><subfield code='t'>&quot;Sense and Sensibility&quot;: Avoiding Brandon (3:47); </subfield><subfield code='t'>&quot;Sense and Sensibility&quot;: Marianne&apos;s Rescue (3:23); </subfield><subfield code='t'>&quot;Sense and Sensibility&quot;: Rivals (3:17); </subfield><subfield code='t'>Credits: Sense And Sensibility: Episode 1 (0:33); </subfield></datafield><datafield ind1='1' ind2=' ' tag='506'><subfield code='a'>Access requires authentication through Films On Demand.</subfield></datafield><datafield ind1=' ' ind2=' ' tag='520'><subfield code='a'>Mrs. Dashwood is devastated when her beloved husband dies. The late Mr. Dashwood’s estate and fortune are bequeathed by law to his son from a previous marriage, John Dashwood, to the delight of John’s rapacious wife, Fanny. Mrs. Dashwood and her daughters are forced to move to a tiny cottage on a cousin’s estate in Devonshire, to start their lives again. It is perhaps Elinor, the eldest daughter, who is most upset to leave her childhood home. She has fallen in love with Fanny’s brother, the kind and unassuming Edward Ferrars. However, Mrs. Dashwood’s cousin, Sir John Middleton, ensures that the family settles into life in Devonshire. Before long, Elinor’s younger sister, Marianne, finds that she has an admirer in Sir John’s friend, Colonel Brandon. However, a rival soon emerges in the form of the dashing young neighbor, Willoughby, who rescues Marianne after a fall. As Elinor eagerly awaits a visit from Edward, Marianne realises that she has two suitors to choose from…</subfield></datafield><datafield ind1='2' ind2=' ' tag='521'><subfield code='a'>9 - 12, Academic/AP</subfield></datafield><datafield ind1=' ' ind2=' ' tag='538'><subfield code='a'>Streaming video file.</subfield></datafield><datafield ind1=' ' ind2=' ' tag='538'><subfield code='a'>System requirements: Films On Demand platform.</subfield></datafield><datafield ind1=' ' ind2=' ' tag='546'><subfield code='a'>Closed-captioned.</subfield></datafield><datafield ind1=' ' ind2=' ' tag='588'><subfield code='a'>Title from distributor&apos;s description</subfield></datafield><datafield ind1=' ' ind2=' ' tag='590'><subfield code='a'>Access is available to the Temple Community through use of a networked computer with a Temple IP address.</subfield></datafield><datafield ind1=' ' ind2='0' tag='650'><subfield code='a'>Drama.</subfield></datafield><datafield ind1=' ' ind2='0' tag='650'><subfield code='a'>Theater.</subfield></datafield><datafield ind1=' ' ind2='0' tag='650'><subfield code='a'>British literature.</subfield></datafield><datafield ind1=' ' ind2='0' tag='650'><subfield code='a'>Irish literature--Appreciation.</subfield></datafield><datafield ind1=' ' ind2='0' tag='650'><subfield code='a'>Language arts.</subfield></datafield><datafield ind1=' ' ind2='0' tag='650'><subfield code='a'>British literature--Appreciation.</subfield></datafield><datafield ind1=' ' ind2='0' tag='650'><subfield code='a'>Drama--19th century.</subfield></datafield><datafield ind1=' ' ind2='0' tag='650'><subfield code='a'>Irish literature.</subfield></datafield><datafield ind1='0' ind2='7' tag='655'><subfield code='a'>Internet videos.</subfield><subfield code='2'>lcgft</subfield></datafield><datafield ind1=' ' ind2='0' tag='655'><subfield code='a'>Streaming video.</subfield></datafield><datafield ind1='2' ind2=' ' tag='710'><subfield code='a'>Infobase,</subfield><subfield code='e'>film distributor.</subfield></datafield><datafield ind1='2' ind2=' ' tag='710'><subfield code='a'>BBC (Firm)</subfield></datafield><datafield ind1='0' ind2=' ' tag='730'><subfield code='a'>Sense And Sensibility: Episode 1</subfield></datafield><datafield ind1=' ' ind2='0' tag='830'><subfield code='a'>Sense And Sensibility.</subfield></datafield><datafield ind1='4' ind2='0' tag='856'><subfield code='z'>Part of the Films On Demand collection.</subfield><subfield code='u'>http://libproxy.temple.edu/login?url=http://fod.infobase.com/PortalPlaylists.aspx?wID=103640&amp;xtid=128956</subfield></datafield><datafield ind1=' ' ind2=' ' tag='902'><subfield code='a'>Films on Demand 20180126</subfield></datafield><datafield ind1=' ' ind2=' ' tag='979'><subfield code='a'>1000128956</subfield></datafield><datafield ind1=' ' ind2=' ' tag='ADM'><subfield code='b'>2018-06-21 07:12:20</subfield><subfield code='e'>1000128956</subfield><subfield code='d'>OTHER</subfield><subfield code='f'>20181261122100.0</subfield><subfield code='a'>2018-01-26 21:19:15</subfield><subfield code='c'>false</subfield></datafield><datafield ind1=' ' ind2=' ' tag='PRT'><subfield code='a'>53409425320003811</subfield><subfield code='b'>https://sandbox01-na.alma.exlibrisgroup.com/view/uresolver/01TULI_INST/openurl?u.ignore_date_coverage=true&amp;rft.mms_id=991036865869903811</subfield><subfield code='9'>Available</subfield><subfield code='c'>Films on Demand Streaming Video</subfield><subfield code='8'>53409425320003811</subfield></datafield></record>