
<record xmlns='http://www.loc.gov/MARC21/slim'><leader>04253cgm a2200841 a 4500</leader><controlfield tag='005'>20170825194612.0</controlfield><controlfield tag='007'>vd cvaizu</controlfield><controlfield tag='008'>040901p20041981enk174            vleng d</controlfield><controlfield tag='001'>991027658979703811</controlfield><datafield ind1=' ' ind2=' ' tag='020'><subfield code='a'>0790770237</subfield></datafield><datafield ind1=' ' ind2=' ' tag='020'><subfield code='a'>9780790770239</subfield></datafield><datafield ind1=' ' ind2=' ' tag='020'><subfield code='a'>0790770229 (set)</subfield></datafield><datafield ind1=' ' ind2=' ' tag='020'><subfield code='a'>9780790770222 (set)</subfield></datafield><datafield ind1='1' ind2=' ' tag='024'><subfield code='a'>794051168320</subfield></datafield><datafield ind1='1' ind2=' ' tag='024'><subfield code='a'>794051168221</subfield><subfield code='c'>set</subfield></datafield><datafield ind1='4' ind2='2' tag='028'><subfield code='a'>E1683</subfield><subfield code='b'>BBC Video</subfield></datafield><datafield ind1='4' ind2='2' tag='028'><subfield code='a'>E1682</subfield><subfield code='b'>BBC Video</subfield></datafield><datafield ind1=' ' ind2=' ' tag='035'><subfield code='a'>(PPT)b51582260-01tuli_inst</subfield></datafield><datafield ind1=' ' ind2=' ' tag='035'><subfield code='a'>(OCoLC)ocn789021728</subfield><subfield code='9'>ExL</subfield></datafield><datafield ind1=' ' ind2=' ' tag='035'><subfield code='a'>(OCoLC)56400088</subfield><subfield code='z'>(OCoLC)56481718</subfield></datafield><datafield ind1=' ' ind2=' ' tag='035'><subfield code='a'>ocm56400088</subfield></datafield><datafield ind1=' ' ind2=' ' tag='035'><subfield code='a'>(OCLC)ocm56400088</subfield></datafield><datafield ind1=' ' ind2=' ' tag='040'><subfield code='a'>VVW</subfield><subfield code='b'>eng</subfield><subfield code='c'>VVW</subfield><subfield code='d'>RCS</subfield><subfield code='d'>OCLCQ</subfield><subfield code='d'>DPL</subfield><subfield code='d'>TEFMT</subfield><subfield code='d'>OCL</subfield><subfield code='d'>OCLCQ</subfield><subfield code='d'>OCLCG</subfield><subfield code='d'>MUB</subfield><subfield code='d'>SINLB</subfield><subfield code='d'>MNF</subfield><subfield code='d'>VRC</subfield><subfield code='d'>TXI</subfield><subfield code='d'>OCLCA</subfield><subfield code='d'>OCLCQ</subfield><subfield code='d'>OCLCA</subfield><subfield code='d'>ZCU</subfield><subfield code='d'>OCLCQ</subfield><subfield code='d'>BDX</subfield></datafield><datafield ind1=' ' ind2=' ' tag='043'><subfield code='a'>e-uk-en</subfield></datafield><datafield ind1=' ' ind2='4' tag='050'><subfield code='a'>PN1997</subfield><subfield code='b'>.S46 2004</subfield></datafield><datafield ind1=' ' ind2=' ' tag='079'><subfield code='a'>ocm56400088</subfield></datafield><datafield ind1=' ' ind2=' ' tag='099'><subfield code='a'>DVD 12 A111</subfield></datafield><datafield ind1='0' ind2=' ' tag='130'><subfield code='a'>Sense and sensibility (Television program : 1981)</subfield></datafield><datafield ind1='1' ind2='0' tag='245'><subfield code='a'>Sense and sensibility</subfield><subfield code='h'>[videorecording] /</subfield><subfield code='c'>by Jane Austen ; dramatised by Alexander Baron ; producer, Barry Letts ; directed by Rodney Bennett ; BBC.</subfield></datafield><datafield ind1='1' ind2=' ' tag='246'><subfield code='i'>Container title:</subfield><subfield code='a'>Jane Austen&apos;s Sense and sensibility</subfield></datafield><datafield ind1=' ' ind2=' ' tag='260'><subfield code='a'>[S.l.] :</subfield><subfield code='b'>BBC Video ;</subfield><subfield code='a'>Burbank, CA :</subfield><subfield code='b'>Warner Home Video [distributor],</subfield><subfield code='c'>c2004.</subfield></datafield><datafield ind1=' ' ind2=' ' tag='300'><subfield code='a'>1 videodisc (174 min.) :</subfield><subfield code='b'>sd., col. ;</subfield><subfield code='c'>4 3/4 in.</subfield></datafield><datafield ind1='1' ind2=' ' tag='490'><subfield code='a'>Classics</subfield></datafield><datafield ind1=' ' ind2=' ' tag='538'><subfield code='a'>DVD; region 1, NTSC; full screen (4:3) presentation.</subfield></datafield><datafield ind1=' ' ind2=' ' tag='546'><subfield code='a'>Closed-captioned.</subfield></datafield><datafield ind1='1' ind2=' ' tag='511'><subfield code='a'>Irene Richard, Tracey Childs, Diana Fairfax, Peter Gale, Amanda Boxer, Bosco Hogan, Donald Douglas, Marjorie Bland, Annie Leon, Robert Swann, John Owens, Gina Rowe, Peter Woodward, Pippa Sparkes, Julia Chambers, Henrieta Baynes, Christopher Brown, Philip Bowen, William Lawford, Margot Van Der Burgh, Raymond Mason, John Woodnutt, Elizabeth Benson.</subfield></datafield><datafield ind1=' ' ind2=' ' tag='508'><subfield code='a'>From an outline by Denis Constanduros ; music composed and conducted by Dudley Simpson ; cameramen, Don Oliver, Bob Everitt ; videotape editor, Malcolm Banthorpe ; costume designer, Dorothea Wallace ; graphic designer, Stefan Pstrowski ; designer, Paul Joel.</subfield></datafield><datafield ind1=' ' ind2=' ' tag='500'><subfield code='a'>Originally broadcast as a mini-series on BBC television in 1981.</subfield></datafield><datafield ind1=' ' ind2=' ' tag='500'><subfield code='a'>Also issued as part of The Jane Austen collection.</subfield></datafield><datafield ind1=' ' ind2=' ' tag='520'><subfield code='a'>Story of two sisters attempting to find happiness in the tightly structured society of 19th century England. Elinor, disciplined, restrained and very conscious of the manners of the day, represents sense. Outspoken, impetuous, emotional Marianne represents sensibility. Attracted to a man already promised to another, Elinor suffers silently to keep scandal away from her family. Marianne enjoys a flirtation with a handsome scoundrel that could lead to her downfall. Through their experiences with men and their relationship with each other, they learn that neither sense nor sensibility alone is enough, but that one must strive for a balance of the two.</subfield></datafield><datafield ind1=' ' ind2='0' tag='650'><subfield code='a'>Sisters</subfield><subfield code='z'>England</subfield><subfield code='v'>Drama.</subfield></datafield><datafield ind1=' ' ind2='0' tag='650'><subfield code='a'>Young women</subfield><subfield code='z'>England</subfield><subfield code='v'>Drama.</subfield></datafield><datafield ind1=' ' ind2='0' tag='650'><subfield code='a'>Man-woman relationships</subfield><subfield code='z'>England</subfield><subfield code='v'>Drama.</subfield></datafield><datafield ind1=' ' ind2='0' tag='651'><subfield code='a'>England</subfield><subfield code='x'>Social life and customs</subfield><subfield code='y'>19th century</subfield><subfield code='v'>Drama.</subfield></datafield><datafield ind1=' ' ind2='7' tag='655'><subfield code='a'>Romance television programs.</subfield><subfield code='2'>lcgft</subfield></datafield><datafield ind1=' ' ind2='7' tag='655'><subfield code='a'>Television adaptations.</subfield><subfield code='2'>lcgft</subfield></datafield><datafield ind1=' ' ind2='7' tag='655'><subfield code='a'>Television mini-series.</subfield><subfield code='2'>lcgft</subfield></datafield><datafield ind1=' ' ind2='7' tag='655'><subfield code='a'>Fiction television programs.</subfield><subfield code='2'>lcgft</subfield></datafield><datafield ind1=' ' ind2='7' tag='655'><subfield code='a'>Video recordings for the hearing impaired.</subfield><subfield code='2'>lcgft</subfield></datafield><datafield ind1='1' ind2=' ' tag='700'><subfield code='a'>Baron, Alexander,</subfield><subfield code='d'>1917-1999.</subfield></datafield><datafield ind1='1' ind2=' ' tag='700'><subfield code='a'>Letts, Barry.</subfield></datafield><datafield ind1='1' ind2=' ' tag='700'><subfield code='a'>Bennett, Rodney.</subfield></datafield><datafield ind1='1' ind2=' ' tag='700'><subfield code='a'>Richard, Irene.</subfield></datafield><datafield ind1='1' ind2=' ' tag='700'><subfield code='a'>Childs, Tracey.</subfield></datafield><datafield ind1='1' ind2=' ' tag='700'><subfield code='a'>Fairfax, Diana,</subfield><subfield code='d'>1933-</subfield></datafield><datafield ind1='1' ind2=' ' tag='700'><subfield code='a'>Gale, Peter.</subfield></datafield><datafield ind1='1' ind2=' ' tag='700'><subfield code='a'>Boxer, Amanda.</subfield></datafield><datafield ind1='1' ind2=' ' tag='700'><subfield code='a'>Hogan, Bosco.</subfield></datafield><datafield ind1='1' ind2=' ' tag='700'><subfield code='a'>Douglas, Donald.</subfield></datafield><datafield ind1='1' ind2=' ' tag='700'><subfield code='a'>Bland, Marjorie.</subfield></datafield><datafield ind1='1' ind2=' ' tag='700'><subfield code='a'>Simpson, Dudley George,</subfield><subfield code='d'>1922-2017.</subfield></datafield><datafield ind1='1' ind2=' ' tag='700'><subfield code='a'>Austen, Jane,</subfield><subfield code='d'>1775-1817.</subfield><subfield code='t'>Sense and sensibility.</subfield></datafield><datafield ind1='2' ind2=' ' tag='710'><subfield code='a'>British Broadcasting Corporation.</subfield></datafield><datafield ind1='2' ind2=' ' tag='710'><subfield code='a'>BBC Video (Firm)</subfield></datafield><datafield ind1='2' ind2=' ' tag='710'><subfield code='a'>Warner Home Video (Firm)</subfield></datafield><datafield ind1='0' ind2=' ' tag='740'><subfield code='a'>Jane Austen collection.</subfield></datafield><datafield ind1=' ' ind2='0' tag='830'><subfield code='a'>BBC classics.</subfield></datafield><datafield ind1=' ' ind2=' ' tag='902'><subfield code='a'>151116</subfield></datafield><datafield ind1=' ' ind2=' ' tag='907'><subfield code='a'>.b51582260</subfield><subfield code='b'>a    </subfield><subfield code='c'>g</subfield></datafield><datafield ind1=' ' ind2=' ' tag='945'><subfield code='l'>avid </subfield><subfield code='g'>1</subfield></datafield><datafield ind1=' ' ind2=' ' tag='979'><subfield code='a'>ocm56400088</subfield></datafield><datafield ind1=' ' ind2=' ' tag='998'><subfield code='b'>0</subfield><subfield code='c'>120404</subfield><subfield code='d'>m</subfield><subfield code='e'>g</subfield><subfield code='f'>g</subfield><subfield code='g'>0</subfield></datafield><datafield ind1=' ' ind2=' ' tag='998'><subfield code='a'>04/04/12</subfield><subfield code='s'>OCLC</subfield><subfield code='c'>RM</subfield></datafield><datafield ind1=' ' ind2=' ' tag='ADM'><subfield code='b'>2018-07-15 07:51:18</subfield><subfield code='e'>b51582260-01tuli_inst</subfield><subfield code='d'>ILS</subfield><subfield code='a'>2017-06-20 11:59:36</subfield><subfield code='c'>false</subfield></datafield><datafield ind1='8' ind2=' ' tag='HLD'><subfield code='b'>AMBLER</subfield><subfield code='c'>media</subfield><subfield code='h'>DVD 12 A111</subfield><subfield code='8'>22315075700003811</subfield></datafield><datafield ind1=' ' ind2=' ' tag='ITM'><subfield code='r'>22315075700003811</subfield><subfield code='b'>1</subfield><subfield code='h'>8</subfield><subfield code='g'>media</subfield><subfield code='t'>DVD</subfield><subfield code='9'>39074027367796</subfield><subfield code='e'>media</subfield><subfield code='8'>23315075690003811</subfield><subfield code='a'>5</subfield><subfield code='q'>2017-06-20 11:59:36</subfield><subfield code='i'>DVD 12 A111</subfield><subfield code='d'>AMBLER</subfield><subfield code='f'>AMBLER</subfield></datafield></record>