
<record xmlns='http://www.loc.gov/MARC21/slim'><leader>04706cgm a2200997 a 4500</leader><controlfield tag='005'>20180417160756.0</controlfield><controlfield tag='007'>vd cvaizs</controlfield><controlfield tag='008'>080123s2008    xxk174            vleng d</controlfield><controlfield tag='001'>991026936879703811</controlfield><datafield ind1=' ' ind2=' ' tag='020'><subfield code='a'>1419864920</subfield></datafield><datafield ind1=' ' ind2=' ' tag='020'><subfield code='a'>9781419864926</subfield></datafield><datafield ind1='1' ind2=' ' tag='024'><subfield code='a'>883929006007</subfield></datafield><datafield ind1='4' ind2='2' tag='028'><subfield code='a'>3000014532</subfield><subfield code='b'>BBC Video</subfield></datafield><datafield ind1='0' ind2='1' tag='033'><subfield code='a'>2008----</subfield><subfield code='b'>5700</subfield></datafield><datafield ind1=' ' ind2=' ' tag='035'><subfield code='a'>(PPT)b34016764-01tuli_inst</subfield></datafield><datafield ind1=' ' ind2=' ' tag='035'><subfield code='a'>(OCoLC)ocn492382817</subfield><subfield code='9'>ExL</subfield></datafield><datafield ind1=' ' ind2=' ' tag='035'><subfield code='a'>(OCoLC)191078272</subfield></datafield><datafield ind1=' ' ind2=' ' tag='035'><subfield code='a'>ocn191078272</subfield></datafield><datafield ind1=' ' ind2=' ' tag='035'><subfield code='a'>(OCLC)ocn191078272</subfield></datafield><datafield ind1=' ' ind2=' ' tag='040'><subfield code='a'>TEFMT</subfield><subfield code='c'>TEFMT</subfield><subfield code='d'>BTCTA</subfield><subfield code='d'>RCS</subfield><subfield code='d'>JED</subfield><subfield code='d'>GK8</subfield><subfield code='d'>PPT</subfield></datafield><datafield ind1=' ' ind2=' ' tag='043'><subfield code='a'>e-uk-en</subfield></datafield><datafield ind1=' ' ind2=' ' tag='044'><subfield code='a'>xxk</subfield><subfield code='a'>mau</subfield></datafield><datafield ind1=' ' ind2=' ' tag='079'><subfield code='a'>ocn191078272</subfield></datafield><datafield ind1=' ' ind2=' ' tag='090'><subfield code='a'>PN1992.77</subfield><subfield code='b'>.S4294x 2008</subfield></datafield><datafield ind1='0' ind2='0' tag='245'><subfield code='a'>Sense &amp; sensibility</subfield><subfield code='h'>[videorecording] /</subfield><subfield code='c'>a BBC/WGBH Boston co-production ; written by Andrew Davies ; directed by John Alexander ; produced by Anne Pivcevic.</subfield></datafield><datafield ind1='3' ind2=' ' tag='246'><subfield code='a'>Jane Austen&apos;s Sense &amp; sensibility</subfield></datafield><datafield ind1='3' ind2=' ' tag='246'><subfield code='a'>Sense and sensibility</subfield></datafield><datafield ind1=' ' ind2=' ' tag='260'><subfield code='a'>[S.l.] :</subfield><subfield code='b'>BBC Video :</subfield><subfield code='b'>2 Entertain Video Limited :</subfield><subfield code='b'>Distributed by BBC Worldwide Americas ;</subfield><subfield code='a'>Burbank, CA :</subfield><subfield code='b'>Distributed by Warner Home Video,</subfield><subfield code='c'>c2008.</subfield></datafield><datafield ind1=' ' ind2=' ' tag='300'><subfield code='a'>2 videodiscs (ca. 174 min.) :</subfield><subfield code='b'>sd., col. ;</subfield><subfield code='c'>4 3/4 in.</subfield></datafield><datafield ind1=' ' ind2=' ' tag='538'><subfield code='a'>DVD, region 1, widescreen (16:9 enhanced) presentation; Dolby Digital stereo., DVD9, NTSC.</subfield></datafield><datafield ind1=' ' ind2=' ' tag='546'><subfield code='a'>English subtitles for the deaf and hearing impaired.</subfield></datafield><datafield ind1='1' ind2=' ' tag='511'><subfield code='a'>David Morrissey, Janet McTeer, Hattie Morahan, Charity Wakefield, Dan Stevens, Dominic Cooper, Mark Williams, Claire Skinner, Anna Madeley, Daisy Haggard.</subfield></datafield><datafield ind1=' ' ind2=' ' tag='500'><subfield code='a'>Based on the novel by Jane Austen.</subfield></datafield><datafield ind1=' ' ind2=' ' tag='500'><subfield code='a'>Special features: Cast and crew commentary; interviews with producer Anne Pivcevic and writer Andrew Davies; Radio play: remembering Jane Austen; photo gallery.</subfield></datafield><datafield ind1=' ' ind2=' ' tag='518'><subfield code='a'>Originally broadcast as a television mini-series in 2008.</subfield></datafield><datafield ind1=' ' ind2=' ' tag='520'><subfield code='a'>Marianne Dashwood wears her heart on her sleeve when she falls in love with the charming but unsuitable John Willoughby, ignoring her sister Elinor&apos;s warning that her impulsive behavior leaves her open to gossip and innuendo. Elinor, sensitive to social convention, struggles to conceal her own romantic disappointment, even from those closest to her. Will the sisters learn that sense must mix with sensibility if they are to find personal happiness in a society where status and money govern the rules of love?</subfield></datafield><datafield ind1='0' ind2=' ' tag='505'><subfield code='a'>Sense and sensibility -- Miss Austen regrets : the new BBC biopic based on the letters of Jane Austen / a BBC/WGBH Boston co-production ; written by Gwyneth Hughes ; directed by Jeremy Lovering ; co-producer, Jamie Laurenson ; produced by Anne Pivcevic (starring Olivia Williams, Imogen Poots, Hugh Bonneville, Phyllida Law, Jack Huston, Adrian Edmondson, Tom Hiddleston, Greta Scacchi).</subfield></datafield><datafield ind1=' ' ind2='0' tag='650'><subfield code='a'>Inheritance and succession</subfield><subfield code='z'>England</subfield><subfield code='v'>Drama.</subfield></datafield><datafield ind1=' ' ind2='0' tag='650'><subfield code='a'>Social classes</subfield><subfield code='z'>England</subfield><subfield code='v'>Drama.</subfield></datafield><datafield ind1=' ' ind2='0' tag='650'><subfield code='a'>Young women</subfield><subfield code='z'>England</subfield><subfield code='v'>Drama.</subfield></datafield><datafield ind1=' ' ind2='0' tag='650'><subfield code='a'>Sisters</subfield><subfield code='z'>England</subfield><subfield code='v'>Drama.</subfield></datafield><datafield ind1=' ' ind2='0' tag='650'><subfield code='a'>Man-woman relationships</subfield><subfield code='z'>England</subfield><subfield code='v'>Drama.</subfield></datafield><datafield ind1=' ' ind2='0' tag='651'><subfield code='a'>England</subfield><subfield code='v'>Drama.</subfield></datafield><datafield ind1=' ' ind2='7' tag='655'><subfield code='a'>Television mini-series.</subfield><subfield code='2'>lcgft</subfield></datafield><datafield ind1=' ' ind2='7' tag='655'><subfield code='a'>Television melodramas.</subfield><subfield code='2'>lcgft</subfield></datafield><datafield ind1=' ' ind2='7' tag='655'><subfield code='a'>Romance television programs.</subfield><subfield code='2'>lcgft</subfield></datafield><datafield ind1=' ' ind2='7' tag='655'><subfield code='a'>Television adaptations.</subfield><subfield code='2'>lcgft</subfield></datafield><datafield ind1=' ' ind2='7' tag='655'><subfield code='a'>Television programs for the hearing impaired.</subfield><subfield code='2'>lcgft</subfield></datafield><datafield ind1='1' ind2=' ' tag='700'><subfield code='a'>Davies, Andrew,</subfield><subfield code='d'>1936-</subfield></datafield><datafield ind1='1' ind2=' ' tag='700'><subfield code='a'>Alexander, John.</subfield></datafield><datafield ind1='1' ind2=' ' tag='700'><subfield code='a'>Pivcevic, Anne.</subfield></datafield><datafield ind1='1' ind2=' ' tag='700'><subfield code='a'>Morrissey, David.</subfield></datafield><datafield ind1='1' ind2=' ' tag='700'><subfield code='a'>McTeer, Janet.</subfield></datafield><datafield ind1='1' ind2=' ' tag='700'><subfield code='a'>Morahan, Hattie.</subfield></datafield><datafield ind1='1' ind2=' ' tag='700'><subfield code='a'>Wakefield, Charity.</subfield></datafield><datafield ind1='1' ind2=' ' tag='700'><subfield code='a'>Stevens, Dan.</subfield></datafield><datafield ind1='1' ind2=' ' tag='700'><subfield code='a'>Cooper, Dominic.</subfield></datafield><datafield ind1='1' ind2=' ' tag='700'><subfield code='a'>Williams, Mark,</subfield><subfield code='d'>1959-</subfield></datafield><datafield ind1='1' ind2=' ' tag='700'><subfield code='a'>Skinner, Claire.</subfield></datafield><datafield ind1='1' ind2=' ' tag='700'><subfield code='a'>Madeley, Anna,</subfield><subfield code='d'>1977-</subfield></datafield><datafield ind1='1' ind2=' ' tag='700'><subfield code='a'>Haggard, Daisy.</subfield></datafield><datafield ind1='1' ind2=' ' tag='700'><subfield code='a'>Austen, Jane,</subfield><subfield code='d'>1775-1817.</subfield><subfield code='t'>Sense and sensibility.</subfield></datafield><datafield ind1='1' ind2=' ' tag='700'><subfield code='a'>Hughes, Gwyneth.</subfield></datafield><datafield ind1='1' ind2=' ' tag='700'><subfield code='a'>Lovering, Jeremy.</subfield></datafield><datafield ind1='1' ind2=' ' tag='700'><subfield code='a'>Laurenson, Jamie.</subfield></datafield><datafield ind1='1' ind2=' ' tag='700'><subfield code='a'>Williams, Olivia,</subfield><subfield code='d'>1968-</subfield></datafield><datafield ind1='1' ind2=' ' tag='700'><subfield code='a'>Poots, Imogen.</subfield></datafield><datafield ind1='1' ind2=' ' tag='700'><subfield code='a'>Bonneville, Hugh.</subfield></datafield><datafield ind1='1' ind2=' ' tag='700'><subfield code='a'>Law, Phyllida,</subfield><subfield code='d'>1932-</subfield></datafield><datafield ind1='1' ind2=' ' tag='700'><subfield code='a'>Huston, Jack,</subfield><subfield code='d'>1982-</subfield></datafield><datafield ind1='1' ind2=' ' tag='700'><subfield code='a'>Edmondson, Adrian,</subfield><subfield code='d'>1957-</subfield></datafield><datafield ind1='1' ind2=' ' tag='700'><subfield code='a'>Hiddleston, Tom.</subfield></datafield><datafield ind1='1' ind2=' ' tag='700'><subfield code='a'>Scacchi, Greta.</subfield></datafield><datafield ind1='2' ind2=' ' tag='710'><subfield code='a'>British Broadcasting Corporation.</subfield><subfield code='b'>Television Service.</subfield></datafield><datafield ind1='2' ind2=' ' tag='710'><subfield code='a'>WGBH (Television station : Boston, Mass.)</subfield></datafield><datafield ind1='2' ind2=' ' tag='710'><subfield code='a'>BBC Video (Firm)</subfield></datafield><datafield ind1='2' ind2=' ' tag='710'><subfield code='a'>2 Entertain Video (Firm)</subfield></datafield><datafield ind1='2' ind2=' ' tag='710'><subfield code='a'>BBC Worldwide Americas, Inc.</subfield></datafield><datafield ind1='2' ind2=' ' tag='710'><subfield code='a'>Warner Home Video (Firm)</subfield></datafield><datafield ind1='0' ind2='2' tag='740'><subfield code='a'>Miss Austen regrets.</subfield></datafield><datafield ind1=' ' ind2=' ' tag='902'><subfield code='a'>160622</subfield></datafield><datafield ind1=' ' ind2=' ' tag='907'><subfield code='a'>.b34016764</subfield><subfield code='b'>pmed </subfield><subfield code='c'>n</subfield></datafield><datafield ind1=' ' ind2=' ' tag='945'><subfield code='l'>pmed </subfield><subfield code='g'>1</subfield></datafield><datafield ind1=' ' ind2=' ' tag='979'><subfield code='a'>ocn191078272</subfield></datafield><datafield ind1=' ' ind2=' ' tag='998'><subfield code='b'>0</subfield><subfield code='c'>080611</subfield><subfield code='d'>m</subfield><subfield code='e'>g</subfield><subfield code='f'>n</subfield><subfield code='g'>0</subfield></datafield><datafield ind1=' ' ind2=' ' tag='998'><subfield code='a'>06/11/08</subfield><subfield code='s'>OCLC</subfield><subfield code='c'>DH</subfield></datafield><datafield ind1=' ' ind2=' ' tag='ADM'><subfield code='b'>2018-06-22 10:43:44</subfield><subfield code='e'>b34016764-01tuli_inst</subfield><subfield code='d'>ILS</subfield><subfield code='a'>2017-06-20 06:01:33</subfield><subfield code='c'>false</subfield></datafield><datafield ind1='0' ind2=' ' tag='HLD'><subfield code='b'>MEDIA</subfield><subfield code='c'>media</subfield><subfield code='h'>PN1992.77</subfield><subfield code='i'>.S4294x 2008</subfield><subfield code='8'>22239891360003811</subfield></datafield><datafield ind1=' ' ind2=' ' tag='ITM'><subfield code='r'>22239891360003811</subfield><subfield code='b'>1</subfield><subfield code='h'>0</subfield><subfield code='g'>media</subfield><subfield code='t'>DVD</subfield><subfield code='9'>39074023758014</subfield><subfield code='e'>media</subfield><subfield code='8'>23239891350003811</subfield><subfield code='a'>5</subfield><subfield code='q'>2017-06-20 06:01:33</subfield><subfield code='i'>PN1992.77 .S4294x 2008</subfield><subfield code='d'>MEDIA</subfield><subfield code='f'>MEDIA</subfield></datafield></record>