
<record xmlns='http://www.loc.gov/MARC21/slim'><leader>06649cgm a2201177Ka 4500</leader><controlfield tag='005'>20071109083710.0</controlfield><controlfield tag='007'>vd cvaizu</controlfield><controlfield tag='008'>050330s2004    cau---            vleng d</controlfield><controlfield tag='001'>991025356829703811</controlfield><datafield ind1=' ' ind2=' ' tag='020'><subfield code='a'>0790770229 (set)</subfield></datafield><datafield ind1=' ' ind2=' ' tag='020'><subfield code='a'>9780790770222 (set)</subfield></datafield><datafield ind1=' ' ind2=' ' tag='020'><subfield code='a'>0790770237 (Sense and sensibility)</subfield></datafield><datafield ind1=' ' ind2=' ' tag='020'><subfield code='a'>9780790770239 (Sense and sensibility)</subfield></datafield><datafield ind1=' ' ind2=' ' tag='020'><subfield code='a'>0790770245 (Emma)</subfield></datafield><datafield ind1=' ' ind2=' ' tag='020'><subfield code='a'>9780790770246 (Emma)</subfield></datafield><datafield ind1=' ' ind2=' ' tag='020'><subfield code='a'>0790770253 (Mansfield Park)</subfield></datafield><datafield ind1=' ' ind2=' ' tag='020'><subfield code='a'>9780790770253 (Mansfield Park)</subfield></datafield><datafield ind1=' ' ind2=' ' tag='020'><subfield code='a'>0790770261 (Persuasion)</subfield></datafield><datafield ind1=' ' ind2=' ' tag='020'><subfield code='a'>9780790770260 (Persuasion)</subfield></datafield><datafield ind1=' ' ind2=' ' tag='020'><subfield code='a'>079077027X (Pride and prejudice)</subfield></datafield><datafield ind1=' ' ind2=' ' tag='020'><subfield code='a'>9780790770277 (Pride and prejudice)</subfield></datafield><datafield ind1='4' ind2='2' tag='028'><subfield code='a'>12772</subfield><subfield code='b'>BBC Video (set)</subfield></datafield><datafield ind1='4' ind2='2' tag='028'><subfield code='a'>E1683</subfield><subfield code='b'>BBC Video (Sense and sensibility)</subfield></datafield><datafield ind1='4' ind2='2' tag='028'><subfield code='a'>E1684</subfield><subfield code='b'>BBC Video (Emma)</subfield></datafield><datafield ind1='4' ind2='2' tag='028'><subfield code='a'>E1685</subfield><subfield code='b'>BBC Video (Mansfield Park)</subfield></datafield><datafield ind1='4' ind2='2' tag='028'><subfield code='a'>E1686</subfield><subfield code='b'>BBC Video (Persuasion)</subfield></datafield><datafield ind1='4' ind2='2' tag='028'><subfield code='a'>E1687</subfield><subfield code='b'>BBC Video (Pride and prejudice)</subfield></datafield><datafield ind1='4' ind2='2' tag='028'><subfield code='a'>E1688</subfield><subfield code='b'>BBC Video (Northanger Abbey)</subfield></datafield><datafield ind1=' ' ind2=' ' tag='035'><subfield code='a'>(PPT)b33029817-01tuli_inst</subfield></datafield><datafield ind1=' ' ind2=' ' tag='035'><subfield code='a'>(OCoLC)58722412</subfield></datafield><datafield ind1=' ' ind2=' ' tag='040'><subfield code='a'>S6L</subfield><subfield code='c'>S6L</subfield><subfield code='d'>OCLCQ</subfield><subfield code='d'>OCL</subfield><subfield code='d'>C@R</subfield><subfield code='d'>BBCAA</subfield><subfield code='d'>BTCTA</subfield><subfield code='d'>OCLCA</subfield><subfield code='d'>TULAW</subfield></datafield><datafield ind1=' ' ind2=' ' tag='049'><subfield code='a'>TULA</subfield></datafield><datafield ind1=' ' ind2=' ' tag='090'><subfield code='a'>PR4031</subfield><subfield code='b'>.B32 2004 DVD</subfield></datafield><datafield ind1='0' ind2='4' tag='245'><subfield code='a'>The Jane Austen collection</subfield><subfield code='h'>[videorecording] /</subfield><subfield code='c'>British Broadcasting Corporation ; Granada Television.</subfield></datafield><datafield ind1=' ' ind2=' ' tag='250'><subfield code='a'>Full screen version.</subfield></datafield><datafield ind1=' ' ind2=' ' tag='260'><subfield code='a'>Burbank, CA :</subfield><subfield code='b'>BBC Video ;</subfield><subfield code='b'>Distributed by Warner Home Video,</subfield><subfield code='c'>c2004.</subfield></datafield><datafield ind1=' ' ind2=' ' tag='300'><subfield code='a'>6 videodiscs (ca. 22 hr., 15 min.) :</subfield><subfield code='b'>sd., col. ;</subfield><subfield code='c'>4 3/4 in.</subfield></datafield><datafield ind1=' ' ind2=' ' tag='500'><subfield code='a'>Title from set container.</subfield></datafield><datafield ind1=' ' ind2=' ' tag='538'><subfield code='a'>DVD.</subfield></datafield><datafield ind1=' ' ind2=' ' tag='546'><subfield code='a'>Closed-captioned.</subfield></datafield><datafield ind1=' ' ind2=' ' tag='500'><subfield code='a'>Videodisc set release of adaptations of the Jane Austen novels produced by the BBC: Sense and sensibility, 1981; Emma, 1972; Mansfield Park, 1986; Persuasion, 1971; Pride and prejudice, 1985; Northanger Abbey, 1987.</subfield></datafield><datafield ind1='0' ind2=' ' tag='511'><subfield code='a'>Sense and sensibility: Irene Richard, Tracey Childs -- Emma: Doran Godwin, John Carson, Mollie Sugden, Fiona Walker -- Mansfield Park: Sylvestra Le Touzel, Nicholas Farrell, Anna Massey, Bernard Hepton, Angela Pleasence -- Persuasion: Ann Fairbank, Bryan Marshall -- Pride and prejudice: Elizabeth Garvie, David Rintoul -- Northanger Abbey: Peter Firth, Googi Withers, Robert Hardy, Katherine Schlesinger.</subfield></datafield><datafield ind1=' ' ind2=' ' tag='508'><subfield code='a'>Sense and sensibility: directed by Rodney Bennett ; produced by Barry Letts ; dramatized by Alexander Baron -- Emma: directed by John Glenister ; produced by Martin Lisemore ; dramatized by Denis Constanduros -- Mansfield Park: directed by David Giles ; produced by Betty Willingale ; dramatized by Ken Taylor -- Persuasion: produced and directed by Howard Baker ; dramatized by Julian Mitchell -- Pride and prejudice: directed by Cyril Coke ; produced by Jonathon Powell ; dramatized by Fay Weldon -- Northanger Abbey: directed by Giles Foster ; produced by Louis Marks ; dramatized by Maggie Wadey.</subfield></datafield><datafield ind1='0' ind2=' ' tag='505'><subfield code='a'>Sense and sensibility -- Emma -- Mansfield Park -- Persuasion -- Pride and prejudice -- Northanger Abbey.</subfield></datafield><datafield ind1=' ' ind2=' ' tag='520'><subfield code='a'>Sense and sensibility: The story of two sisters attempting to find happiness in the tightly structured society of 18th century England.</subfield></datafield><datafield ind1=' ' ind2=' ' tag='520'><subfield code='a'>Emma: Emma Woodhouse is a young woman who finds that it is sometimes all too easy to confuse good intentions with self-gratification.</subfield></datafield><datafield ind1=' ' ind2=' ' tag='520'><subfield code='a'>Mansfield Park: In 18th century England, young, impoverished Fanny Price arrives at the elegant estate of her uncle, Sir Thomas Bertram. Snubbed by everyone except her cousin Edmund, she begins her long struggle for accceptance by her shallow relatives who believe wealth automatically means quality.</subfield></datafield><datafield ind1=' ' ind2=' ' tag='520'><subfield code='a'>Persuasion: Eight years after Anne Elliot turned down Captain Wentworth&apos;s proposal of marriage, they meet again. Anne now recognizes the false values that persuaded her to reject Captain Wentworth, but his heart seems set upon the youth and beauty of the impetuous Louisa Musgrove.</subfield></datafield><datafield ind1=' ' ind2=' ' tag='520'><subfield code='a'>Pride and prejudice: The story of lively and rebellious Elizabeth, one of five unmarried daughters living in the countryside of 19th century England, in a world where an advantageous marriage is a woman&apos;s sole occupation.</subfield></datafield><datafield ind1=' ' ind2=' ' tag='520'><subfield code='a'>Northanger Abbey: In 19th century Bath, a girl bursting with freshness and passion for macabre Gothic novels experiences intrigue, adventure, and romance, espeically when the romantic Henry Tilney invites her to his ancestral home.</subfield></datafield><datafield ind1='1' ind2='0' tag='600'><subfield code='a'>Austen, Jane,</subfield><subfield code='d'>1775-1817</subfield><subfield code='v'>Film adaptations.</subfield></datafield><datafield ind1=' ' ind2='0' tag='651'><subfield code='a'>England</subfield><subfield code='x'>Social life and customs</subfield><subfield code='y'>18th century</subfield><subfield code='v'>Drama.</subfield></datafield><datafield ind1=' ' ind2='0' tag='651'><subfield code='a'>England</subfield><subfield code='x'>Social life and customs</subfield><subfield code='y'>19th century</subfield><subfield code='v'>Drama.</subfield></datafield><datafield ind1=' ' ind2='0' tag='650'><subfield code='a'>Young women</subfield><subfield code='z'>England</subfield><subfield code='v'>Drama.</subfield></datafield><datafield ind1=' ' ind2='0' tag='650'><subfield code='a'>Man-woman relationships</subfield><subfield code='z'>England</subfield><subfield code='v'>Drama.</subfield></datafield><datafield ind1=' ' ind2='0' tag='650'><subfield code='a'>Television adaptations.</subfield></datafield><datafield ind1=' ' ind2='7' tag='655'><subfield code='a'>Video recordings for the hearing impaired.</subfield><subfield code='2'>lcgft</subfield></datafield><datafield ind1='1' ind2=' ' tag='700'><subfield code='a'>Austen, Jane,</subfield><subfield code='d'>1775-1817.</subfield><subfield code='t'>Sense and sensibility.</subfield></datafield><datafield ind1='1' ind2=' ' tag='700'><subfield code='a'>Austen, Jane,</subfield><subfield code='d'>1775-1817.</subfield><subfield code='t'>Emma.</subfield></datafield><datafield ind1='1' ind2=' ' tag='700'><subfield code='a'>Austen, Jane,</subfield><subfield code='d'>1775-1817.</subfield><subfield code='t'>Mansfield Park.</subfield></datafield><datafield ind1='1' ind2=' ' tag='700'><subfield code='a'>Austen, Jane,</subfield><subfield code='d'>1775-1817.</subfield><subfield code='t'>Persuasion.</subfield></datafield><datafield ind1='1' ind2=' ' tag='700'><subfield code='a'>Austen, Jane,</subfield><subfield code='d'>1775-1817.</subfield><subfield code='t'>Pride and prejudice.</subfield></datafield><datafield ind1='1' ind2=' ' tag='700'><subfield code='a'>Austen, Jane,</subfield><subfield code='d'>1775-1817.</subfield><subfield code='t'>Northanger Abbey.</subfield></datafield><datafield ind1='1' ind2=' ' tag='700'><subfield code='a'>Godwin, Doran.</subfield></datafield><datafield ind1='1' ind2=' ' tag='700'><subfield code='a'>Carson, John.</subfield></datafield><datafield ind1='1' ind2=' ' tag='700'><subfield code='a'>Massey, Anna.</subfield></datafield><datafield ind1='1' ind2=' ' tag='700'><subfield code='a'>Hepton, Bernard.</subfield></datafield><datafield ind1='1' ind2=' ' tag='700'><subfield code='a'>Pleasence, Angela.</subfield></datafield><datafield ind1='1' ind2=' ' tag='700'><subfield code='a'>Fairbank, Ann.</subfield></datafield><datafield ind1='1' ind2=' ' tag='700'><subfield code='a'>Marshall, Bryan,</subfield><subfield code='d'>1938-</subfield></datafield><datafield ind1='1' ind2=' ' tag='700'><subfield code='a'>Garvie, Elizabeth.</subfield></datafield><datafield ind1='1' ind2=' ' tag='700'><subfield code='a'>Rintoul, David.</subfield></datafield><datafield ind1='1' ind2=' ' tag='700'><subfield code='a'>Firth, Peter,</subfield><subfield code='d'>1953-</subfield></datafield><datafield ind1='1' ind2=' ' tag='700'><subfield code='a'>Withers, Googie.</subfield></datafield><datafield ind1='1' ind2=' ' tag='700'><subfield code='a'>Hardy, Robert,</subfield><subfield code='d'>1925-2017.</subfield></datafield><datafield ind1='1' ind2=' ' tag='700'><subfield code='a'>Schlesinger, Katharine.</subfield></datafield><datafield ind1='2' ind2=' ' tag='710'><subfield code='a'>British Broadcasting Corporation.</subfield></datafield><datafield ind1='2' ind2=' ' tag='710'><subfield code='a'>Granada Television.</subfield></datafield><datafield ind1='2' ind2=' ' tag='710'><subfield code='a'>BBC Video (Firm)</subfield></datafield><datafield ind1='2' ind2=' ' tag='710'><subfield code='a'>Warner Home Video (Firm)</subfield></datafield><datafield ind1='0' ind2='2' tag='740'><subfield code='a'>Sense and sensibility.</subfield></datafield><datafield ind1='0' ind2='2' tag='740'><subfield code='a'>Emma.</subfield></datafield><datafield ind1='0' ind2='2' tag='740'><subfield code='a'>Mansfield Park.</subfield></datafield><datafield ind1='0' ind2='2' tag='740'><subfield code='a'>Persuasion.</subfield></datafield><datafield ind1='0' ind2='2' tag='740'><subfield code='a'>Pride and prejudice.</subfield></datafield><datafield ind1='0' ind2='2' tag='740'><subfield code='a'>Northanger Abbey.</subfield></datafield><datafield ind1='0' ind2='2' tag='740'><subfield code='a'>Jane Austen&apos;s Sense and sensibility.</subfield></datafield><datafield ind1='0' ind2='2' tag='740'><subfield code='a'>Jane Austen&apos;s Emma.</subfield></datafield><datafield ind1='0' ind2='2' tag='740'><subfield code='a'>Jane Austen&apos;s Mansfield Park.</subfield></datafield><datafield ind1='0' ind2='2' tag='740'><subfield code='a'>Jane Austen&apos;s Persuasion.</subfield></datafield><datafield ind1='0' ind2='2' tag='740'><subfield code='a'>Jane Austen&apos;s Pride and prejudice.</subfield></datafield><datafield ind1='0' ind2='2' tag='740'><subfield code='a'>Jane Austen&apos;s Northanger Abbey.</subfield></datafield><datafield ind1=' ' ind2=' ' tag='907'><subfield code='a'>.b33029817</subfield><subfield code='b'>l    </subfield><subfield code='c'>-</subfield></datafield><datafield ind1=' ' ind2=' ' tag='902'><subfield code='a'>140523</subfield></datafield><datafield ind1=' ' ind2=' ' tag='998'><subfield code='b'>6</subfield><subfield code='c'>      </subfield><subfield code='d'>m</subfield><subfield code='e'>g</subfield><subfield code='f'>-</subfield><subfield code='g'>4</subfield></datafield><datafield ind1=' ' ind2=' ' tag='945'><subfield code='l'>lvid </subfield><subfield code='a'>PR4031</subfield><subfield code='b'>.B32 2004 PRIDE DVD</subfield><subfield code='g'>1</subfield></datafield><datafield ind1=' ' ind2=' ' tag='945'><subfield code='l'>lvid </subfield><subfield code='a'>PR4031</subfield><subfield code='b'>.B32 2004 MP DVD</subfield><subfield code='g'>1</subfield></datafield><datafield ind1=' ' ind2=' ' tag='945'><subfield code='l'>lvid </subfield><subfield code='a'>PR4031</subfield><subfield code='b'>.B32 2004 EMMA DVD</subfield><subfield code='g'>1</subfield></datafield><datafield ind1=' ' ind2=' ' tag='945'><subfield code='l'>lvid </subfield><subfield code='a'>PR4031</subfield><subfield code='b'>.B32 2004 S&amp;S DVD</subfield><subfield code='g'>1</subfield></datafield><datafield ind1=' ' ind2=' ' tag='945'><subfield code='l'>lvid </subfield><subfield code='a'>PR4031</subfield><subfield code='b'>.B32 2004 PER DVD</subfield><subfield code='g'>1</subfield></datafield><datafield ind1=' ' ind2=' ' tag='945'><subfield code='l'>lvid </subfield><subfield code='a'>PR4031</subfield><subfield code='b'>.B32 2004 NA DVD</subfield><subfield code='g'>1</subfield></datafield><datafield ind1=' ' ind2=' ' tag='ADM'><subfield code='b'>2018-07-15 08:57:57</subfield><subfield code='e'>b33029817-01tuli_inst</subfield><subfield code='d'>ILS</subfield><subfield code='a'>2017-06-20 10:54:55</subfield><subfield code='c'>false</subfield></datafield><datafield ind1=' ' ind2=' ' tag='HLD'><subfield code='b'>LAW</subfield><subfield code='c'>media</subfield><subfield code='h'>PR4031 .B32 2004 PRIDE DVD</subfield><subfield code='8'>22307304950003811</subfield></datafield><datafield ind1=' ' ind2=' ' tag='ITM'><subfield code='r'>22307304950003811</subfield><subfield code='b'>1</subfield><subfield code='h'>#</subfield><subfield code='g'>media</subfield><subfield code='t'>OTHER</subfield><subfield code='9'>39074804497410</subfield><subfield code='e'>media</subfield><subfield code='k'>PR4031 .B32 2004 PER DVD</subfield><subfield code='8'>23307304900003811</subfield><subfield code='a'>5</subfield><subfield code='q'>2017-06-20 10:54:55</subfield><subfield code='i'>PR4031 .B32 2004 PRIDE DVD</subfield><subfield code='d'>LAW</subfield><subfield code='f'>LAW</subfield></datafield><datafield ind1=' ' ind2=' ' tag='ITM'><subfield code='r'>22307304950003811</subfield><subfield code='b'>1</subfield><subfield code='h'>#</subfield><subfield code='g'>media</subfield><subfield code='t'>OTHER</subfield><subfield code='9'>39074804497386</subfield><subfield code='e'>media</subfield><subfield code='k'>PR4031 .B32 2004 MP DVD</subfield><subfield code='8'>23307304930003811</subfield><subfield code='a'>5</subfield><subfield code='q'>2017-06-20 10:54:55</subfield><subfield code='i'>PR4031 .B32 2004 PRIDE DVD</subfield><subfield code='d'>LAW</subfield><subfield code='f'>LAW</subfield></datafield><datafield ind1=' ' ind2=' ' tag='ITM'><subfield code='r'>22307304950003811</subfield><subfield code='b'>1</subfield><subfield code='h'>#</subfield><subfield code='g'>media</subfield><subfield code='t'>OTHER</subfield><subfield code='9'>39074804497378</subfield><subfield code='e'>media</subfield><subfield code='8'>23307304940003811</subfield><subfield code='a'>5</subfield><subfield code='q'>2017-06-20 10:54:55</subfield><subfield code='i'>PR4031 .B32 2004 PRIDE DVD</subfield><subfield code='d'>LAW</subfield><subfield code='f'>LAW</subfield></datafield><datafield ind1=' ' ind2=' ' tag='ITM'><subfield code='r'>22307304950003811</subfield><subfield code='b'>1</subfield><subfield code='h'>#</subfield><subfield code='g'>media</subfield><subfield code='t'>OTHER</subfield><subfield code='9'>39074804497394</subfield><subfield code='e'>media</subfield><subfield code='k'>PR4031 .B32 2004 EMMA DVD</subfield><subfield code='8'>23307304920003811</subfield><subfield code='a'>5</subfield><subfield code='q'>2017-06-20 10:54:55</subfield><subfield code='i'>PR4031 .B32 2004 PRIDE DVD</subfield><subfield code='d'>LAW</subfield><subfield code='f'>LAW</subfield></datafield><datafield ind1=' ' ind2=' ' tag='ITM'><subfield code='r'>22307304950003811</subfield><subfield code='b'>1</subfield><subfield code='h'>#</subfield><subfield code='g'>media</subfield><subfield code='t'>OTHER</subfield><subfield code='9'>39074804497402</subfield><subfield code='e'>media</subfield><subfield code='k'>PR4031 .B32 2004 S&amp;S DVD</subfield><subfield code='8'>23307304910003811</subfield><subfield code='a'>5</subfield><subfield code='q'>2017-06-20 10:54:55</subfield><subfield code='i'>PR4031 .B32 2004 PRIDE DVD</subfield><subfield code='d'>LAW</subfield><subfield code='f'>LAW</subfield></datafield><datafield ind1=' ' ind2=' ' tag='ITM'><subfield code='r'>22307304950003811</subfield><subfield code='b'>1</subfield><subfield code='h'>#</subfield><subfield code='g'>media</subfield><subfield code='t'>OTHER</subfield><subfield code='9'>39074804497428</subfield><subfield code='e'>media</subfield><subfield code='k'>PR4031 .B32 2004 NA DVD</subfield><subfield code='8'>23307304890003811</subfield><subfield code='a'>5</subfield><subfield code='q'>2017-06-20 10:54:55</subfield><subfield code='i'>PR4031 .B32 2004 PRIDE DVD</subfield><subfield code='d'>LAW</subfield><subfield code='f'>LAW</subfield></datafield></record>