
<record xmlns='http://www.loc.gov/MARC21/slim'><leader>ZZZZZnamZa22ZZZZZzZZ4500</leader><controlfield tag='001'>991036823442903811</controlfield><controlfield tag='008'>170724u2006uuuuuuuuu-|-o----u|----|eng-d</controlfield><datafield ind1=' ' ind2=' ' tag='035'><subfield code='a'>(CKB)3780000000414101</subfield></datafield><datafield ind1=' ' ind2=' ' tag='035'><subfield code='a'>(EXLCZ)993780000000414101</subfield></datafield><datafield ind1='1' ind2=' ' tag='100'><subfield code='a'>Ballaster, Rosalind; Tanner, Tony</subfield></datafield><datafield ind1='1' ind2='0' tag='245'><subfield code='a'>Penguin Classics Introduction to Sense and Sensibility by Jane Austen (Penguin Classics)</subfield></datafield><datafield ind1=' ' ind2=' ' tag='246'><subfield code='a'>Penguin Classics Introduction to Sense and Sensibility by Jane Austen </subfield></datafield><datafield ind1=' ' ind2=' ' tag='260'><subfield code='b'>Penguin</subfield></datafield><datafield ind1=' ' ind2=' ' tag='906'><subfield code='a'>BOOK</subfield></datafield><datafield ind1=' ' ind2=' ' tag='ADM'><subfield code='b'>2017-08-01 20:25:21</subfield><subfield code='e'>(CKB)3780000000414101</subfield><subfield code='d'>CKB</subfield><subfield code='a'>2017-07-08 14:37:40</subfield><subfield code='c'>false</subfield></datafield><datafield ind1=' ' ind2=' ' tag='PRT'><subfield code='a'>53397747270003811</subfield><subfield code='b'>https://sandbox01-na.alma.exlibrisgroup.com/view/uresolver/01TULI_INST/openurl?u.ignore_date_coverage=true&amp;rft.mms_id=991036823442903811</subfield><subfield code='e'>ProQuest</subfield><subfield code='9'>Available</subfield><subfield code='c'>Literature Online (LION) Complete</subfield><subfield code='h'>613780000000001510</subfield><subfield code='8'>53397747270003811</subfield></datafield></record>