
<record xmlns='http://www.loc.gov/MARC21/slim'><leader>ZZZZZnamZa22ZZZZZzZZ4500</leader><controlfield tag='001'>991036921399603811</controlfield><controlfield tag='008'>170522u1999uuuuuuuuu-|-o----u|----|eng-d</controlfield><datafield ind1=' ' ind2=' ' tag='035'><subfield code='a'>(CKB)3790000000141901</subfield></datafield><datafield ind1=' ' ind2=' ' tag='035'><subfield code='a'>(EXLCZ)993790000000141901</subfield></datafield><datafield ind1='1' ind2='0' tag='245'><subfield code='a'>Sense and sensibility : a novel. In three volumes</subfield></datafield><datafield ind1=' ' ind2=' ' tag='246'><subfield code='a'>Sense and sensibility </subfield></datafield><datafield ind1=' ' ind2=' ' tag='260'><subfield code='b'>Chadwyck-Healey</subfield></datafield><datafield ind1=' ' ind2=' ' tag='906'><subfield code='a'>BOOK</subfield></datafield><datafield ind1=' ' ind2=' ' tag='ADM'><subfield code='b'>2018-07-16 13:26:08</subfield><subfield code='e'>(CKB)3790000000141901</subfield><subfield code='d'>CKB</subfield><subfield code='a'>2017-05-17 06:05:44</subfield><subfield code='c'>false</subfield></datafield><datafield ind1=' ' ind2=' ' tag='PRT'><subfield code='a'>53429076200003811</subfield><subfield code='b'>https://sandbox01-na.alma.exlibrisgroup.com/view/uresolver/01TULI_INST/openurl?u.ignore_date_coverage=true&amp;rft.mms_id=991036921399603811</subfield><subfield code='e'>ProQuest</subfield><subfield code='9'>Available</subfield><subfield code='c'>Literature Online (LION) Complete</subfield><subfield code='h'>613780000000001510</subfield><subfield code='8'>53429076200003811</subfield></datafield></record>
</collection>
